2380 4154
256 213 305 290 50
375 271 378 280 .
542 237 699 290 taurona
724 235 843 293 anicet

251 349 400 436 fmgitur,
419 350 544 416 officinis
566 363 724 434 praesunt,
743 352 776 415 in
786 363 912 435 promtu
924 349 1075 423 habeant,
1090 345 1153 420 pub

251 457 315 537 pari
334 473 508 538 poena-pro
529 452 634 536 quovit
658 455 791 517 remedio
814 475 875 537 quo
899 467 1021 526 carent,
1051 452 1153 512 omnia

248 553 464 630 medicamina,
486 574 565 636 quae
586 555 615 615 in
635 554 743 616 cadem
763 553 1000 636 pharmacopoea
1021 547 1150 633 aigno†

249 651 482 736 defingerentur,
494 665 585 737 atque
599 653 720 717 diversis
733 653 825 716 liten'c
837 653 1066 736 imprimuntur,
1087 650 1151 730 qui-

245 750 306 818 ,bue
326 755 473 821 ducantur
493 775 588 837 aeque
608 755 729 838 collegia
750 757 881 818 sanitatis
901 755 988 816 incia
1002 747 1148 814 condem·

247 856 372 937 nandis,
392 854 446 940 qui
466 857 560 940 legem
581 857 784 946 neglcaerunt.

629 1013 707 1079 aar.
727 1012 758 1076 6.

284 1152 353 1218 Sint
373 1152 495 1217 rimedia
516 1154 666 1237 simplicia
678 1155 719 1216 ita
738 1153 919 1224 constituta,
946 1138 1158 1236 quera-admo:

242 1253 316 1317 dum
342 1254 377 1318 in
404 1255 643 1338 pharmacopoea
671 1255 785 1317 Batava
812 1253 1019 1334 requiruntur,
1052 1261 1144 1330 atque

237 1367 457 1437 componantur
474 1357 605 1438 inprimis
625 1354 665 1416 ad
685 1364 842 1436 praecepta
861 1350 893 1412 in
913 1372 949 1412 aa
961 1353 1141 1433 conscripta

240 1453 345 1516 Poena
365 1453 497 1516 solvatur
516 1474 569 1516 aex
588 1452 692 1514 lloren.
714 1474 769 1535 pro
783 1454 889 1534 qricvis
903 1449 1141 1522 medicamento.

241 1554 324 1636 quod
343 1564 517 1636 corruptum
539 1551 685 1626 occurrit,
707 1564 761 1614 aut
780 1552 999 1631 adulteratum,
1025 1571 1084 1611 nec
1107 1549 1140 1611 nd

238 1651 338 1735 legem
357 1652 389 1716 in
409 1653 651 1736 pharmacopoe'a
679 1651 891 1734 praescriptam
915 1661 1137 1733 praeparatum.

237 1750 272 1820 Si
292 1755 357 1834 quia
378 1764 498 1828 autem,
527 1751 598 1814 licet
607 1732 728 1846 plluries
748 1773 859 1834 poenas
887 1750 997 1828 luerit,
1032 1751 1134 1812 audeat

236 1863 426 1933 perseverare
446 1852 477 1914 in
497 1850 633 1939 tenendis
653 1864 685 1914 et
698 1852 900 1933 dispensandis
914 1849 1135 1912 medicamentis

235 1951 363 2025 vitiosis,
384 1952 555 2013 adulteratis
575 1967 630 2014 nec
644 1951 773 2034 legitime
787 1948 986 2033 praeparatis,
1010 1949 1064 2012 vel
1078 1947 1136 2012 ellit

236 2069 326 2132 quam
348 2049 477 2131 quaein
497 2015 634 2132 requieti
654 2052 777 2112 articulo
792 2049 993 2132 excipiuntur,
1014 2049 1136 2112 clauda·

235 2157 286 2208 tur
306 2147 424 2208 officina
444 2170 499 2231 per
519 2171 571 2211 sex
590 2150 789 2232 septimanas,
811 2171 939 2231 quarum
961 2152 1062 2230 spatio
1085 2169 1136 2211 nee

234 2245 330 2308 ullum
351 2247 518 2310 remedium
539 2270 631 2312 exea
662 2249 837 2323 emittatur,
868 2261 921 2310 aut
948 2246 982 2310 in
1013 2270 1053 2310 ea
1085 2269 1136 2333 pen

234 2349 329 2429 aegris
351 2349 642 2430 componatur„sub
663 2369 760 2430 poena
773 2348 834 2410 500
848 2346 879 2409 ll.
894 2346 920 2408 si
941 2346 1135 2410 nihilominus

234 2457 370 2530 tempore
390 2447 587 2530 castigationis
608 2446 804 2509 medicamina
824 2449 857 2509 ex
886 2431 1006 2508 officina
1037 2446 1136 2511 disni-

232 2546 384 2624 buuntur‚
406 2551 620 2630 divendantur,
645 2561 697 2610 aut
712 2538 815 2632 quavis
828 2548 943 2610 ratione
958 2551 1135 2633 dispensan-

234 2657 293 2708 tur.
316 2650 410 2726 Quod
430 2652 454 2710 si
474 2649 596 2710 demum
610 2670 766 2731 possessor
780 2649 931 2724 officinae,
950 2625 1165 2714 commercio¹i

232 2745 265 2806 in
285 2767 321 2806 ea
336 2747 488 2823 restituta,
509 2749 608 2809 denuo
622 2749 751 2829 habeat,
772 2749 913 2810 divendat
925 2760 956 2810 et
969 2767 1061 2832 paret
1073 2771 1131 2814 me
1162 2819 1163 2851 p

233 2843 383 2908 dicamina
397 2846 575 2929 depravata,
597 2849 761 2913 adulterata
776 2860 807 2912 et
819 2850 967 2931 illegitime
980 2853 1131 2922 conlecta.
1161 2885 1162 2929 l

229 2965 291 3006 noo
312 2944 408 3006 solum
428 2946 586 3008 mulctetur
606 2947 670 3010 flor.
691 2949 771 3028 500,
802 2949 852 3012 red
879 2947 1002 3032 insuper
1022 2950 1069 3013 illi
1087 2950 1130 3012 in·
1159 2947 1161 3007 l

230 3045 410 3124 medicatur,
429 3066 467 3106 ne
487 3049 517 3106 in
537 3058 691 3128 posterum
712 3047 913 3130 pharmaciam
932 3047 964 3110 in
979 3051 1129 3133 republica

229 3155 385 3219 exerceat,
416 3144 471 3206 nub
495 3145 730 3211 comminatione
750 3146 941 3211 violationem
966 3154 1128 3212 sentcntiae

227 3241 390 3324 vigorosius
411 3243 588 3314 mulctatum
608 3245 664 3322 iri,
684 3249 777 3308 immo
797 3267 854 3330 pro
874 3267 906 3308 re
927 3259 1000 3310 nntn
1013 3249 1124 3314 illume

229 3342 324 3422 patria
343 3363 408 3406 ease
428 3341 614 3426 ej‘rciendum.
