2380 4154
204 876 209 936 l

462 403 927 553 EXPLIGATIO

570 613 821 739 'rieualeuu
891 615 925 624 'V

371 875 567 929 renutet
603 874 772 928 AENEAE
808 869 1014 946 Quamne

291 1367 364 1428 Fre.
390 1337 451 1428 1-8ss
472 1369 648 1447 Apparatus
673 1365 893 1448 Woulsfianus
913 1362 1099 1444 expeditior.

281 1630 440 1736 Quoniam
462 1661 587 1721 durante
609 1661 807 1722 destillatione
829 1660 903 1722 acidi
925 1657 1022 1720 uitrici
1044 1681 1142 1744 vapo-

240 1780 287 1821 res
311 1757 424 1820 clastici
452 1757 572 1842 copiose
602 1761 839 1840 protrudentur,
868 1761 918 1841 qui
946 1770 1009 1818 tam
1041 1760 1143 1820 lutum

237 1880 327 1940 quam
346 1857 414 1939 ipsa
432 1877 502 1918 vasa
516 1870 729 1939 perrumpunt,
753 1859 805 1918 W
802 1860 937 1940 culsseus
958 1871 1141 1939 apparatum

235 1953 406 2035 composuit
426 1953 634 2028 artificiosum,
666 1977 728 2036 qno
754 1954 924 2038 vpericulosa
953 1977 1059 2014 eorum
1084 1978 1142 2016 ex·
1180 2019 1181 2028 ¹

235 2057 337 2134 pensio
365 2055 394 2111 in
416 2053 500 2112 acido
522 2051 626 2112 uitrico
647 2054 769 2134 aliisque
793 2053 891 2116 fluidis
922 2055 1048 2114 elasticis
1079 2057 1140 2116 de·
1180 2085 1181 2088 ¹

235 2151 377 2212 stillandis
399 2154 545 2229 evitatur,
567 2155 606 2212 ita
628 2166 661 2213 ut
682 2153 806 2233 dignas,
831 2157 932 2235 quiin
953 2154 1141 2236 pharmaco·

232 2273 309 2332 poea
329 2250 505 2332 recipiatur,
526 2255 561 2312 sit
581 2252 743 2313 habendus.
767 2253 967 2314 Connectebat
990 2253 1140 2316 tabulam

233 2355 360 2410 vitream
391 2362 546 2411 curvatum
577 2373 644 2412 eum
674 2352 810 2433 excipulo
843 2363 972 2413 retortae
1001 2375 1140 2436 vapores

233 2453 472 2524 transmittente,
502 2460 533 2530 et
561 2449 685 2531 lagena,
720 2450 837 2511 duobus
869 2449 951 2512 ostiis
981 2453 1141 2532 praedita.

224 2549 308 2634 ‚Ceus
335 2549 431 2610 tubuli
459 2551 591 2631 lagenam
621 2549 733 2610 intrans
754 2571 847 2632 usque
868 2552 906 2611 ad
924 2551 1055 2611 fundum
1079 2555 1140 2616 de·

229 2649 398 2710 scandebat.
428 2649 565 2726 Secundo
594 2651 713 2730 lagenae
744 2653 819 2710 ostio
849 2651 1020 2710 inhaerebat
1050 2655 1138 2716 simi.

228 2747 264 2808 lis
285 2749 407 2809 tubulus
427 2752 457 2808 in
477 2751 634 2833 caritatem
656 2753 810 2810 vasionen
836 2753 1017 2832 prominens,
1042 2753 1138 2834 cujus

229 2847 353 2906 alterum
385 2867 451 2907 erus
482 2847 528 2907 vel
554 2847 634 2907 dicto
664 2849 756 2908 modo
785 2847 816 2908 in
841 2849 962 2908 alteram
987 2849 1135 2929 lagenam

227 2947 393 3023 transibat,
423 2948 471 3010 vel
493 2946 524 3008 in
547 2965 655 3028 cupam
674 2952 895 3030 pneumaticam
915 2970 1038 3030 vapores
1060 2961 1134 3014 tra.

225 3047 377 3122 ducebat,
407 3049 461 3107 nisi
490 3045 548 3107 hoc
573 3051 682 3113 ostium
703 3050 764 3108 solo
784 3048 860 3108 tubo
880 3047 1031 3129 capillati,
1061 3073 1136 3133 quo

225 3145 287 3208 aeri
308 3149 445 3206 transitus
463 3145 648 3224 conceditur,
668 3146 757 3206 fuerit
777 3149 963 3207 instructum.
984 3148 1136 3231 vapores

225 3251 255 3306 in
275 3245 381 3328 lagena
400 3243 517 3306 collecti
536 3243 583 3304 vel
604 3245 668 3304 solo
687 3241 795 3324 frigore
811 3245 1051 3322 condensantur,
1071 3265 1133 3313 aut

226 3366 324 3426 aqua,
356 3363 447 3426 quarn
467 3341 598 3404 continet
618 3341 773 3402 altitudine
795 3364 843 3404 sex
866 3343 1021 3406 linearum.
1054 3348 1132 3413 Etsi

226 3459 327 3506 autem
355 3457 402 3518 sat
430 3443 506 3503 bene
534 3441 734 3523 hac-simplici
757 3443 901 3504 methodo
921 3444 1087 3508 deaittttio
1111 3450 1131 3512 ε’
