<?xml version="1.0" encoding="UTF-8"?>
<!DOCTYPE html PUBLIC "-//W3C//DTD XHTML 1.0 Transitional//EN"
    "http://www.w3.org/TR/xhtml1/DTD/xhtml1-transitional.dtd">
<html xmlns="http://www.w3.org/1999/xhtml" xml:lang="en" lang="en">
 <head>
  <title>
</title>
<meta http-equiv="Content-Type" content="text/html;charset=utf-8" />
  <meta name='ocr-system' content='tesseract 3.04.00' />
  <meta name='ocr-capabilities' content='ocr_page ocr_carea ocr_par ocr_line ocrx_word'/>
</head>
<body>
  <div class='ocr_page' id='page_1' title='image "./pharmacopoeabat01niemgoog_0062.png"; bbox 0 0 2380 4154; ppageno 0'>
   <div class='ocr_carea' id='block_1_1' title="bbox 916 39 923 74">
    <p class='ocr_par' dir='ltr' id='par_1_1' title="bbox 916 39 923 74">
     <span class='ocr_line' id='line_1_1' title="bbox 916 39 923 74; baseline 0 0"><span class='ocrx_word' id='word_1_1' title='bbox 916 39 923 74; x_wconf 79' lang='lat' dir='ltr'>l</span> 
     </span>
    </p>
   </div>
   <div class='ocr_carea' id='block_1_2' title="bbox 196 232 950 321">
    <p class='ocr_par' dir='ltr' id='par_1_2' title="bbox 196 232 950 321">
     <span class='ocr_line' id='line_1_2' title="bbox 196 232 950 321; baseline -0.005 -10"><span class='ocrx_word' id='word_1_2' title='bbox 196 253 636 321; x_wconf 73' lang='lat' dir='ltr'>cxrmctrrormumauu</span> <span class='ocrx_word' id='word_1_3' title='bbox 656 253 736 307; x_wconf 44' lang='lat' dir='ltr'>wrto.</span> <span class='ocrx_word' id='word_1_4' title='bbox 763 256 803 305; x_wconf 78' lang='lat' dir='ltr'>rr</span> <span class='ocrx_word' id='word_1_5' title='bbox 902 232 950 308; x_wconf 86' lang='lat'>55</span> 
     </span>
    </p>
   </div>
   <div class='ocr_carea' id='block_1_3' title="bbox 49 368 1047 1350">
    <p class='ocr_par' dir='ltr' id='par_1_3' title="bbox 49 368 1047 1350">
     <span class='ocr_line' id='line_1_3' title="bbox 54 368 1047 460; baseline -0.011 -22"><span class='ocrx_word' id='word_1_6' title='bbox 54 375 254 460; x_wconf 82' lang='lat' dir='ltr'>corporibus,</span> <span class='ocrx_word' id='word_1_7' title='bbox 282 374 375 458; x_wconf 78' lang='lat' dir='ltr'>fluidi¹</span> <span class='ocrx_word' id='word_1_8' title='bbox 393 374 502 432; x_wconf 80' lang='lat' dir='ltr'>eluatici</span> <span class='ocrx_word' id='word_1_9' title='bbox 530 373 585 430; x_wconf 84' lang='lat' dir='ltr'>rite</span> <span class='ocrx_word' id='word_1_10' title='bbox 609 368 811 430; x_wconf 82' lang='lat' dir='ltr'>condensuudi</span> <span class='ocrx_word' id='word_1_11' title='bbox 831 380 862 430; x_wconf 85' lang='lat' dir='ltr'>et</span> <span class='ocrx_word' id='word_1_12' title='bbox 881 391 954 441; x_wconf 78' lang='lat' dir='ltr'>ero-</span> <span class='ocrx_word' id='word_1_13' title='bbox 1043 437 1047 444; x_wconf 24' lang='grc' dir='ltr'><strong>Δ</strong></span> 
     </span>
     <span class='ocr_line' id='line_1_4' title="bbox 54 465 954 551; baseline -0.019 -16"><span class='ocrx_word' id='word_1_14' title='bbox 54 474 143 535; x_wconf 87' lang='lat' dir='ltr'>candi</span> <span class='ocrx_word' id='word_1_15' title='bbox 158 495 270 544; x_wconf 83' lang='lat' dir='ltr'>causa,</span> <span class='ocrx_word' id='word_1_16' title='bbox 288 469 405 531; x_wconf 81' lang='lat' dir='ltr'>institui</span> <span class='ocrx_word' id='word_1_17' title='bbox 419 480 523 551; x_wconf 79' lang='lat' dir='ltr'>queat,</span> <span class='ocrx_word' id='word_1_18' title='bbox 544 465 696 550; x_wconf 75' lang='lat' dir='ltr'>prohiberi</span> <span class='ocrx_word' id='word_1_19' title='bbox 709 479 810 528; x_wconf 83' lang='lat' dir='ltr'>tamen</span> <span class='ocrx_word' id='word_1_20' title='bbox 824 490 885 529; x_wconf 87' lang='lat' dir='ltr'>non</span> <span class='ocrx_word' id='word_1_21' title='bbox 900 491 954 551; x_wconf 90' lang='lat' dir='ltr'>po.</span> 
     </span>
     <span class='ocr_line' id='line_1_5' title="bbox 54 565 1017 652; baseline -0.005 -18"><span class='ocrx_word' id='word_1_22' title='bbox 54 585 133 650; x_wconf 87' lang='lat' dir='ltr'>test,</span> <span class='ocrx_word' id='word_1_23' title='bbox 165 575 325 652; x_wconf 85' lang='lat' dir='ltr'>quominus</span> <span class='ocrx_word' id='word_1_24' title='bbox 354 589 480 650; x_wconf 81' lang='lat' dir='ltr'><strong>vapores</strong></span> <span class='ocrx_word' id='word_1_25' title='bbox 503 567 653 628; x_wconf 89' lang='lat' dir='ltr'>interdum</span> <span class='ocrx_word' id='word_1_26' title='bbox 674 565 761 626; x_wconf 84' lang='lat' dir='ltr'>variis</span> <span class='ocrx_word' id='word_1_27' title='bbox 791 567 828 626; x_wconf 83' lang='lat' dir='ltr'>dc</span> <span class='ocrx_word' id='word_1_28' title='bbox 858 571 953 630; x_wconf 70' lang='lat' dir='ltr'>causis</span> <span class='ocrx_word' id='word_1_29' title='bbox 1014 587 1017 594; x_wconf 89' lang='grc'><strong>’</strong></span> 
     </span>
     <span class='ocr_line' id='line_1_6' title="bbox 53 663 955 752; baseline -0.007 -17"><span class='ocrx_word' id='word_1_30' title='bbox 53 663 321 752; x_wconf 83' lang='lat' dir='ltr'>retrogrediantur.</span> <span class='ocrx_word' id='word_1_31' title='bbox 342 668 483 729; x_wconf 86' lang='lat' dir='ltr'>Evitntur</span> <span class='ocrx_word' id='word_1_32' title='bbox 502 679 602 728; x_wconf 85' lang='lat' dir='ltr'>autem</span> <span class='ocrx_word' id='word_1_33' title='bbox 625 669 670 728; x_wconf 91' lang='lat' dir='ltr'>bic</span> <span class='ocrx_word' id='word_1_34' title='bbox 691 679 790 728; x_wconf 70' lang='lat' dir='ltr'>motus</span> <span class='ocrx_word' id='word_1_35' title='bbox 810 680 955 750; x_wconf 81' lang='lat' dir='ltr'>retrogra-</span> 
     </span>
     <span class='ocr_line' id='line_1_7' title="bbox 54 765 953 854; baseline -0.007 -20"><span class='ocrx_word' id='word_1_36' title='bbox 54 775 108 834; x_wconf 91' lang='lat' dir='ltr'>dus</span> <span class='ocrx_word' id='word_1_37' title='bbox 129 783 280 854; x_wconf 83' lang='lat' dir='ltr'>apparatu</span> <span class='ocrx_word' id='word_1_38' title='bbox 300 767 488 831; x_wconf 83' lang='lat' dir='ltr'>Woulffinno</span> <span class='ocrx_word' id='word_1_39' title='bbox 508 766 553 828; x_wconf 81' lang='lat' dir='ltr'>hia</span> <span class='ocrx_word' id='word_1_40' title='bbox 578 765 680 854; x_wconf 74' lang='lat' dir='ltr'>figuris</span> <span class='ocrx_word' id='word_1_41' title='bbox 705 765 861 828; x_wconf 82' lang='lat' dir='ltr'>illustrato.</span> <span class='ocrx_word' id='word_1_42' title='bbox 891 771 953 828; x_wconf 85' lang='lat' dir='ltr'>Lu·</span> 
     </span>
     <span class='ocr_line' id='line_1_8' title="bbox 57 867 953 954; baseline -0.001 -21"><span class='ocrx_word' id='word_1_43' title='bbox 57 893 164 954; x_wconf 81' lang='lat' dir='ltr'>genae,</span> <span class='ocrx_word' id='word_1_44' title='bbox 185 895 203 932; x_wconf 88' lang='lat' dir='ltr'>e</span> <span class='ocrx_word' id='word_1_45' title='bbox 224 870 335 952; x_wconf 89' lang='lat' dir='ltr'>quibus</span> <span class='ocrx_word' id='word_1_46' title='bbox 349 867 556 951; x_wconf 79' lang='lat' dir='ltr'>componitur,</span> <span class='ocrx_word' id='word_1_47' title='bbox 578 883 647 928; x_wconf 84' lang='lat' dir='ltr'>sunt</span> <span class='ocrx_word' id='word_1_48' title='bbox 662 867 755 930; x_wconf 81' lang='lat' dir='ltr'>tribus</span> <span class='ocrx_word' id='word_1_49' title='bbox 771 872 864 942; x_wconf 80' lang='lat' dir='ltr'>ostiis,</span> <span class='ocrx_word' id='word_1_50' title='bbox 885 870 953 932; x_wconf 82' lang='lat' dir='ltr'>loco</span> 
     </span>
     <span class='ocr_line' id='line_1_9' title="bbox 60 969 952 1050; baseline -0.002 -18"><span class='ocrx_word' id='word_1_51' title='bbox 60 974 200 1047; x_wconf 84' lang='lat' dir='ltr'>duorum,</span> <span class='ocrx_word' id='word_1_52' title='bbox 222 975 396 1046; x_wconf 82' lang='lat' dir='ltr'>instructae,</span> <span class='ocrx_word' id='word_1_53' title='bbox 418 983 508 1049; x_wconf 82' lang='lat' dir='ltr'>atque</span> <span class='ocrx_word' id='word_1_54' title='bbox 522 969 651 1030; x_wconf 87' lang='lat' dir='ltr'>medium</span> <span class='ocrx_word' id='word_1_55' title='bbox 667 980 800 1050; x_wconf 80' lang='lat' dir='ltr'>permeat</span> <span class='ocrx_word' id='word_1_56' title='bbox 813 969 952 1047; x_wconf 80' lang='lat' dir='ltr'>tubulus,</span> 
     </span>
     <span class='ocr_line' id='line_1_10' title="bbox 55 1056 951 1182; baseline -0.004 -50"><span class='ocrx_word' id='word_1_57' title='bbox 55 1093 141 1153; x_wconf 85' lang='lat' dir='ltr'>quem</span> <span class='ocrx_word' id='word_1_58' title='bbox 164 1056 366 1182; x_wconf 40' lang='lat' dir='ltr'>defensuutpm</span> <span class='ocrx_word' id='word_1_59' title='bbox 386 1067 490 1129; x_wconf 84' lang='lat' dir='ltr'>dicunt</span> <span class='ocrx_word' id='word_1_60' title='bbox 511 1072 640 1150; x_wconf 86' lang='lat' dir='ltr'>quique,</span> <span class='ocrx_word' id='word_1_61' title='bbox 665 1087 773 1150; x_wconf 85' lang='lat' dir='ltr'>aquam</span> <span class='ocrx_word' id='word_1_62' title='bbox 795 1068 825 1130; x_wconf 90' lang='lat' dir='ltr'>in</span> <span class='ocrx_word' id='word_1_63' title='bbox 846 1071 951 1150; x_wconf 79' lang='lat' dir='ltr'>lagena</span> 
     </span>
     <span class='ocr_line' id='line_1_11' title="bbox 52 1170 950 1252; baseline -0.001 -21"><span class='ocrx_word' id='word_1_64' title='bbox 52 1170 219 1252; x_wconf 82' lang='lat' dir='ltr'>contingit,</span> <span class='ocrx_word' id='word_1_65' title='bbox 241 1185 272 1231; x_wconf 88' lang='lat' dir='ltr'>et</span> <span class='ocrx_word' id='word_1_66' title='bbox 293 1191 437 1251; x_wconf 83' lang='lat' dir='ltr'>vaporum</span> <span class='ocrx_word' id='word_1_67' title='bbox 458 1189 609 1230; x_wconf 76' lang='lat' dir='ltr'>recursum</span> <span class='ocrx_word' id='word_1_68' title='bbox 628 1181 755 1230; x_wconf 88' lang='lat' dir='ltr'>coercet.</span> <span class='ocrx_word' id='word_1_69' title='bbox 776 1171 848 1231; x_wconf 84' lang='lat' dir='ltr'>Vico</span> <span class='ocrx_word' id='word_1_70' title='bbox 862 1170 950 1250; x_wconf 79' lang='lat' dir='ltr'>hujus</span> 
     </span>
     <span class='ocr_line' id='line_1_12' title="bbox 49 1266 949 1350; baseline -0.001 -19"><span class='ocrx_word' id='word_1_71' title='bbox 49 1271 148 1332; x_wconf 90' lang='lat' dir='ltr'>tubuli</span> <span class='ocrx_word' id='word_1_72' title='bbox 168 1269 252 1350; x_wconf 79' lang='lat' dir='ltr'>fungi</span> <span class='ocrx_word' id='word_1_73' title='bbox 273 1272 360 1328; x_wconf 81' lang='lat' dir='ltr'>etiam</span> <span class='ocrx_word' id='word_1_74' title='bbox 375 1278 474 1348; x_wconf 77' lang='lat' dir='ltr'>potest</span> <span class='ocrx_word' id='word_1_75' title='bbox 488 1266 707 1328; x_wconf 76' lang='lat' dir='ltr'>artificioriora</span> <span class='ocrx_word' id='word_1_76' title='bbox 725 1269 863 1330; x_wconf 79' lang='lat' dir='ltr'>Woltcro</span> <span class='ocrx_word' id='word_1_77' title='bbox 879 1289 949 1330; x_wconf 88' lang='lat' dir='ltr'>cou·</span> 
     </span>
    </p>
   </div>
   <div class='ocr_carea' id='block_1_4' title="bbox 48 1368 1061 1450">
    <p class='ocr_par' dir='ltr' id='par_1_4' title="bbox 48 1368 1061 1450">
     <span class='ocr_line' id='line_1_13' title="bbox 48 1368 1061 1450; baseline -0.001 -19"><span class='ocrx_word' id='word_1_78' title='bbox 48 1381 203 1448; x_wconf 81' lang='lat' dir='ltr'>structus,</span> <span class='ocrx_word' id='word_1_79' title='bbox 225 1373 274 1450; x_wconf 88' lang='lat' dir='ltr'>qui</span> <span class='ocrx_word' id='word_1_80' title='bbox 296 1389 365 1428; x_wconf 90' lang='lat' dir='ltr'>cum</span> <span class='ocrx_word' id='word_1_81' title='bbox 387 1389 458 1428; x_wconf 86' lang='lat' dir='ltr'>arcu</span> <span class='ocrx_word' id='word_1_82' title='bbox 479 1382 587 1448; x_wconf 86' lang='lat' dir='ltr'>quartu</span> <span class='ocrx_word' id='word_1_83' title='bbox 608 1368 754 1428; x_wconf 82' lang='lat' dir='ltr'>canalium</span> <span class='ocrx_word' id='word_1_84' title='bbox 784 1391 947 1431; x_wconf 83' lang='lat' dir='ltr'>curvorum</span> <span class='ocrx_word' id='word_1_85' title='bbox 1047 1375 1061 1386; x_wconf 76' lang='grc'>““</span> 
     </span>
    </p>
   </div>
   <div class='ocr_carea' id='block_1_5' title="bbox 44 1469 1011 3634">
    <p class='ocr_par' dir='ltr' id='par_1_5' title="bbox 44 1469 1011 3634">
     <span class='ocr_line' id='line_1_14' title="bbox 45 1469 947 1550; baseline 0 -20"><span class='ocrx_word' id='word_1_86' title='bbox 45 1473 227 1550; x_wconf 79' lang='lat' dir='ltr'>conjunctus</span> <span class='ocrx_word' id='word_1_87' title='bbox 248 1469 420 1544; x_wconf 74' lang='lat' dir='ltr'>exhibetur,</span> <span class='ocrx_word' id='word_1_88' title='bbox 442 1480 533 1549; x_wconf 86' lang='lat' dir='ltr'>utque</span> <span class='ocrx_word' id='word_1_89' title='bbox 546 1472 703 1548; x_wconf 84' lang='lat' dir='ltr'>separatim</span> <span class='ocrx_word' id='word_1_90' title='bbox 718 1469 768 1550; x_wconf 74' lang='lat' dir='ltr'>fig.</span> <span class='ocrx_word' id='word_1_91' title='bbox 783 1469 803 1530; x_wconf 83' lang='lat'><em>8</em></span> <span class='ocrx_word' id='word_1_92' title='bbox 825 1469 947 1550; x_wconf 85' lang='lat' dir='ltr'>obliquo</span> 
     </span>
     <span class='ocr_line' id='line_1_15' title="bbox 44 1567 946 1646; baseline 0 -17"><span class='ocrx_word' id='word_1_93' title='bbox 44 1568 105 1630; x_wconf 86' lang='lat' dir='ltr'>situ</span> <span class='ocrx_word' id='word_1_94' title='bbox 130 1568 366 1628; x_wconf 65' lang='lat' dir='ltr'>delineatum-</span> <span class='ocrx_word' id='word_1_95' title='bbox 387 1589 412 1624; x_wconf 83' lang='lat' dir='ltr'>a.</span> <span class='ocrx_word' id='word_1_96' title='bbox 434 1567 464 1626; x_wconf 89' lang='lat' dir='ltr'>b.</span> <span class='ocrx_word' id='word_1_97' title='bbox 485 1589 510 1626; x_wconf 92' lang='lat' dir='ltr'>c.</span> <span class='ocrx_word' id='word_1_98' title='bbox 532 1567 560 1626; x_wconf 95' lang='lat' dir='ltr'>d.</span> <span class='ocrx_word' id='word_1_99' title='bbox 584 1589 609 1628; x_wconf 86' lang='lat' dir='ltr'>e.</span> <span class='ocrx_word' id='word_1_100' title='bbox 631 1569 781 1646; x_wconf 79' lang='lat' dir='ltr'>designant</span> <span class='ocrx_word' id='word_1_101' title='bbox 803 1580 946 1629; x_wconf 86' lang='lat' dir='ltr'>retortam</span> 
     </span>
     <span class='ocr_line' id='line_1_16' title="bbox 45 1665 944 1747; baseline -0.003 -18"><span class='ocrx_word' id='word_1_102' title='bbox 45 1690 115 1728; x_wconf 91' lang='lat' dir='ltr'>cum</span> <span class='ocrx_word' id='word_1_103' title='bbox 136 1667 274 1747; x_wconf 85' lang='lat' dir='ltr'>excipulo</span> <span class='ocrx_word' id='word_1_104' title='bbox 291 1697 330 1712; x_wconf 91' lang='lat'>··-</span> <span class='ocrx_word' id='word_1_105' title='bbox 343 1665 363 1724; x_wconf 85' lang='lat' dir='ltr'>f.</span> <span class='ocrx_word' id='word_1_106' title='bbox 377 1667 397 1725; x_wconf 83' lang='lat' dir='ltr'>f.</span> <span class='ocrx_word' id='word_1_107' title='bbox 410 1665 431 1726; x_wconf 84' lang='lat' dir='ltr'>f.</span> <span class='ocrx_word' id='word_1_108' title='bbox 453 1677 512 1726; x_wconf 82' lang='lat' dir='ltr'>tres</span> <span class='ocrx_word' id='word_1_109' title='bbox 533 1665 653 1745; x_wconf 80' lang='lat' dir='ltr'>lagonas</span> <span class='ocrx_word' id='word_1_110' title='bbox 675 1685 744 1724; x_wconf 89' lang='lat' dir='ltr'>cum</span> <span class='ocrx_word' id='word_1_111' title='bbox 766 1665 860 1726; x_wconf 76' lang='lat' dir='ltr'>tribua</span> <span class='ocrx_word' id='word_1_112' title='bbox 882 1668 944 1726; x_wconf 85' lang='lat' dir='ltr'>col·</span> 
     </span>
     <span class='ocr_line' id='line_1_17' title="bbox 45 1762 946 1846; baseline -0.006 -17"><span class='ocrx_word' id='word_1_113' title='bbox 45 1766 101 1844; x_wconf 85' lang='lat' dir='ltr'>lis,</span> <span class='ocrx_word' id='word_1_114' title='bbox 122 1767 154 1826; x_wconf 90' lang='lat' dir='ltr'>d.</span> <span class='ocrx_word' id='word_1_115' title='bbox 169 1787 198 1845; x_wconf 76' lang='lat' dir='ltr'>g.</span> <span class='ocrx_word' id='word_1_116' title='bbox 220 1767 335 1825; x_wconf 87' lang='lat' dir='ltr'>canales</span> <span class='ocrx_word' id='word_1_117' title='bbox 356 1779 510 1842; x_wconf 78' lang='lat' dir='ltr'>curvatos,</span> <span class='ocrx_word' id='word_1_118' title='bbox 531 1765 561 1824; x_wconf 93' lang='lat' dir='ltr'>b.</span> <span class='ocrx_word' id='word_1_119' title='bbox 584 1785 611 1845; x_wconf 77' lang='lat' dir='ltr'>g.</span> <span class='ocrx_word' id='word_1_120' title='bbox 633 1785 742 1844; x_wconf 85' lang='lat' dir='ltr'>nquam</span> <span class='ocrx_word' id='word_1_121' title='bbox 763 1762 794 1822; x_wconf 86' lang='lat' dir='ltr'>iu</span> <span class='ocrx_word' id='word_1_122' title='bbox 815 1762 946 1846; x_wconf 80' lang='lat' dir='ltr'>inferiori</span> 
     </span>
     <span class='ocr_line' id='line_1_18' title="bbox 44 1864 1011 1948; baseline -0.007 -21"><span class='ocrx_word' id='word_1_123' title='bbox 44 1869 169 1948; x_wconf 82' lang='lat' dir='ltr'>lagenae</span> <span class='ocrx_word' id='word_1_124' title='bbox 189 1881 294 1947; x_wconf 84' lang='lat' dir='ltr'>parte,</span> <span class='ocrx_word' id='word_1_125' title='bbox 322 1866 352 1924; x_wconf 83' lang='lat' dir='ltr'>k.</span> <span class='ocrx_word' id='word_1_126' title='bbox 373 1865 391 1924; x_wconf 90' lang='lat' dir='ltr'>l.</span> <span class='ocrx_word' id='word_1_127' title='bbox 413 1865 551 1924; x_wconf 88' lang='lat' dir='ltr'>tubulum</span> <span class='ocrx_word' id='word_1_128' title='bbox 564 1865 575 1940; x_wconf 65' lang='lat'>,&#39;</span> <span class='ocrx_word' id='word_1_129' title='bbox 599 1868 648 1944; x_wconf 87' lang='lat' dir='ltr'>qui</span> <span class='ocrx_word' id='word_1_130' title='bbox 669 1864 800 1924; x_wconf 87' lang='lat' dir='ltr'>medium</span> <span class='ocrx_word' id='word_1_131' title='bbox 823 1865 946 1945; x_wconf 79' lang='lat' dir='ltr'>lagenae</span> <span class='ocrx_word' id='word_1_132' title='bbox 1005 1897 1011 1920; x_wconf 77' lang='grc'><strong><em>.</em></strong></span> 
     </span>
     <span class='ocr_line' id='line_1_19' title="bbox 46 1959 947 2046; baseline -0.001 -18"><span class='ocrx_word' id='word_1_133' title='bbox 46 1971 158 2028; x_wconf 83' lang='lat' dir='ltr'>ostium</span> <span class='ocrx_word' id='word_1_134' title='bbox 180 1973 331 2046; x_wconf 70' lang='lat' dir='ltr'>permeat,</span> <span class='ocrx_word' id='word_1_135' title='bbox 348 1985 377 2024; x_wconf 87' lang='lat' dir='ltr'>n.</span> <span class='ocrx_word' id='word_1_136' title='bbox 400 1981 427 2045; x_wconf 90' lang='lat' dir='ltr'>p.</span> <span class='ocrx_word' id='word_1_137' title='bbox 450 1963 588 2024; x_wconf 88' lang='lat' dir='ltr'>tubulum</span> <span class='ocrx_word' id='word_1_138' title='bbox 605 1965 657 2026; x_wconf 83' lang='lat' dir='ltr'><em>W</em></span> <span class='ocrx_word' id='word_1_139' title='bbox 655 1959 737 2024; x_wconf 81' lang='lat' dir='ltr'>elteri</span> <span class='ocrx_word' id='word_1_140' title='bbox 757 1985 823 2022; x_wconf 89' lang='lat' dir='ltr'>cum</span> <span class='ocrx_word' id='word_1_141' title='bbox 845 1962 947 2026; x_wconf 80' lang='lat' dir='ltr'>infun-</span> 
     </span>
     <span class='ocr_line' id='line_1_20' title="bbox 47 2063 945 2146; baseline 0.001 -20"><span class='ocrx_word' id='word_1_142' title='bbox 47 2066 152 2126; x_wconf 90' lang='lat' dir='ltr'>dibulo</span> <span class='ocrx_word' id='word_1_143' title='bbox 175 2075 297 2146; x_wconf 81' lang='lat' dir='ltr'>aparte</span> <span class='ocrx_word' id='word_1_144' title='bbox 327 2063 464 2124; x_wconf 85' lang='lat' dir='ltr'>anteriori</span> <span class='ocrx_word' id='word_1_145' title='bbox 493 2064 694 2138; x_wconf 70' lang='lat' dir='ltr'>delineatum</span> <span class='ocrx_word' id='word_1_146' title='bbox 722 2086 749 2126; x_wconf 84' lang='lat' dir='ltr'>u.</span> <span class='ocrx_word' id='word_1_147' title='bbox 770 2065 799 2125; x_wconf 91' lang='lat' dir='ltr'>b.</span> <span class='ocrx_word' id='word_1_148' title='bbox 820 2086 845 2125; x_wconf 89' lang='lat' dir='ltr'>c.</span> <span class='ocrx_word' id='word_1_149' title='bbox 867 2065 896 2126; x_wconf 92' lang='lat' dir='ltr'>d.</span> <span class='ocrx_word' id='word_1_150' title='bbox 918 2085 945 2128; x_wconf 81' lang='lat' dir='ltr'>e.</span> 
     </span>
     <span class='ocr_line' id='line_1_21' title="bbox 44 2162 944 2248; baseline 0 -22"><span class='ocrx_word' id='word_1_151' title='bbox 44 2170 63 2228; x_wconf 84' lang='lat' dir='ltr'>f.</span> <span class='ocrx_word' id='word_1_152' title='bbox 86 2189 114 2248; x_wconf 83' lang='lat' dir='ltr'>g.</span> <span class='ocrx_word' id='word_1_153' title='bbox 136 2166 169 2226; x_wconf 89' lang='lat' dir='ltr'>h.</span> <span class='ocrx_word' id='word_1_154' title='bbox 190 2186 296 2246; x_wconf 86' lang='lat' dir='ltr'>cupam</span> <span class='ocrx_word' id='word_1_155' title='bbox 319 2162 537 2246; x_wconf 79' lang='lat' dir='ltr'>pneumaticum</span> <span class='ocrx_word' id='word_1_156' title='bbox 559 2187 628 2224; x_wconf 88' lang='lat' dir='ltr'>oum</span> <span class='ocrx_word' id='word_1_157' title='bbox 650 2187 718 2226; x_wconf 87' lang='lat' dir='ltr'>vase</span> <span class='ocrx_word' id='word_1_158' title='bbox 742 2164 839 2228; x_wconf 83' lang='lat' dir='ltr'>vitreo</span> <span class='ocrx_word' id='word_1_159' title='bbox 865 2165 944 2234; x_wconf 78' lang='lat' dir='ltr'>exci-</span> 
     </span>
     <span class='ocr_line' id='line_1_22' title="bbox 44 2263 944 2348; baseline -0.001 -23"><span class='ocrx_word' id='word_1_160' title='bbox 44 2271 146 2348; x_wconf 84' lang='lat' dir='ltr'>piente</span> <span class='ocrx_word' id='word_1_161' title='bbox 169 2276 200 2322; x_wconf 86' lang='lat' dir='ltr'>et</span> <span class='ocrx_word' id='word_1_162' title='bbox 213 2263 313 2322; x_wconf 84' lang='lat' dir='ltr'>tabula</span> <span class='ocrx_word' id='word_1_163' title='bbox 327 2263 444 2343; x_wconf 79' lang='lat' dir='ltr'>lignea,</span> <span class='ocrx_word' id='word_1_164' title='bbox 463 2263 510 2322; x_wconf 90' lang='lat' dir='ltr'>cui</span> <span class='ocrx_word' id='word_1_165' title='bbox 531 2267 699 2344; x_wconf 82' lang='lat' dir='ltr'>impositum</span> <span class='ocrx_word' id='word_1_166' title='bbox 714 2276 769 2326; x_wconf 80' lang='lat' dir='ltr'>est.</span> <span class='ocrx_word' id='word_1_167' title='bbox 791 2263 944 2340; x_wconf 82' lang='lat' dir='ltr'>Quoniam</span> 
     </span>
     <span class='ocr_line' id='line_1_23' title="bbox 45 2362 945 2444; baseline -0.002 -18"><span class='ocrx_word' id='word_1_168' title='bbox 45 2367 187 2426; x_wconf 86' lang='lat' dir='ltr'>columna</span> <span class='ocrx_word' id='word_1_169' title='bbox 209 2383 236 2442; x_wconf 82' lang='lat' dir='ltr'>g.</span> <span class='ocrx_word' id='word_1_170' title='bbox 252 2383 291 2422; x_wconf 91' lang='lat' dir='ltr'>m.</span> <span class='ocrx_word' id='word_1_171' title='bbox 314 2363 401 2421; x_wconf 83' lang='lat' dir='ltr'>altior</span> <span class='ocrx_word' id='word_1_172' title='bbox 420 2377 464 2422; x_wconf 87' lang='lat' dir='ltr'>est</span> <span class='ocrx_word' id='word_1_173' title='bbox 484 2362 620 2422; x_wconf 82' lang='lat' dir='ltr'>columna</span> <span class='ocrx_word' id='word_1_174' title='bbox 642 2364 670 2422; x_wconf 87' lang='lat' dir='ltr'>h.</span> <span class='ocrx_word' id='word_1_175' title='bbox 687 2383 714 2442; x_wconf 88' lang='lat' dir='ltr'>g.</span> <span class='ocrx_word' id='word_1_176' title='bbox 737 2384 878 2444; x_wconf 78' lang='lat' dir='ltr'>vaporum</span> <span class='ocrx_word' id='word_1_177' title='bbox 900 2383 945 2424; x_wconf 86' lang='lat' dir='ltr'>re·</span> 
     </span>
     <span class='ocr_line' id='line_1_24' title="bbox 49 2461 946 2544; baseline 0 -19"><span class='ocrx_word' id='word_1_178' title='bbox 49 2485 150 2525; x_wconf 80' lang='lat' dir='ltr'>cessus</span> <span class='ocrx_word' id='word_1_179' title='bbox 171 2461 237 2522; x_wconf 81' lang='lat' dir='ltr'>fieri</span> <span class='ocrx_word' id='word_1_180' title='bbox 257 2465 368 2542; x_wconf 89' lang='lat' dir='ltr'>nequit.</span> <span class='ocrx_word' id='word_1_181' title='bbox 394 2462 461 2544; x_wconf 81' lang='lat' dir='ltr'>Fig.</span> <span class='ocrx_word' id='word_1_182' title='bbox 484 2462 503 2521; x_wconf 80' lang='lat'>8</span> <span class='ocrx_word' id='word_1_183' title='bbox 524 2463 643 2522; x_wconf 83' lang='lat' dir='ltr'>tubulus</span> <span class='ocrx_word' id='word_1_184' title='bbox 667 2463 801 2523; x_wconf 80' lang='lat' dir='ltr'>Wolteri</span> <span class='ocrx_word' id='word_1_185' title='bbox 825 2463 946 2544; x_wconf 74' lang='lat' dir='ltr'>oblique</span> 
     </span>
     <span class='ocr_line' id='line_1_25' title="bbox 49 2560 947 2644; baseline -0.002 -20"><span class='ocrx_word' id='word_1_186' title='bbox 49 2564 208 2624; x_wconf 79' lang='lat' dir='ltr'>exhibitus.</span> <span class='ocrx_word' id='word_1_187' title='bbox 229 2561 401 2622; x_wconf 84' lang='lat' dir='ltr'>Immittitur</span> <span class='ocrx_word' id='word_1_188' title='bbox 420 2561 603 2622; x_wconf 81' lang='lat' dir='ltr'>infundibulo</span> <span class='ocrx_word' id='word_1_189' title='bbox 624 2585 652 2642; x_wconf 93' lang='lat' dir='ltr'>p.</span> <span class='ocrx_word' id='word_1_190' title='bbox 668 2583 761 2644; x_wconf 82' lang='lat' dir='ltr'>aqua,</span> <span class='ocrx_word' id='word_1_191' title='bbox 781 2560 823 2620; x_wconf 84' lang='lat' dir='ltr'>ita</span> <span class='ocrx_word' id='word_1_192' title='bbox 837 2575 871 2620; x_wconf 89' lang='lat' dir='ltr'>ut</span> <span class='ocrx_word' id='word_1_193' title='bbox 883 2583 947 2622; x_wconf 82' lang='lat' dir='ltr'>mo-</span> 
     </span>
     <span class='ocr_line' id='line_1_26' title="bbox 47 2660 947 2743; baseline -0.004 -19"><span class='ocrx_word' id='word_1_194' title='bbox 47 2662 129 2724; x_wconf 86' lang='lat' dir='ltr'>dium</span> <span class='ocrx_word' id='word_1_195' title='bbox 150 2661 276 2743; x_wconf 82' lang='lat' dir='ltr'>globum</span> <span class='ocrx_word' id='word_1_196' title='bbox 294 2683 321 2720; x_wconf 85' lang='lat' dir='ltr'>a.</span> <span class='ocrx_word' id='word_1_197' title='bbox 337 2660 470 2742; x_wconf 83' lang='lat' dir='ltr'>attingat.</span> <span class='ocrx_word' id='word_1_198' title='bbox 491 2663 667 2722; x_wconf 84' lang='lat' dir='ltr'>Restituitur</span> <span class='ocrx_word' id='word_1_199' title='bbox 680 2661 883 2742; x_wconf 80' lang='lat' dir='ltr'>aequilibrium</span> <span class='ocrx_word' id='word_1_200' title='bbox 897 2681 947 2721; x_wconf 90' lang='lat' dir='ltr'>co-</span> 
     </span>
     <span class='ocr_line' id='line_1_27' title="bbox 46 2761 943 2844; baseline 0.002 -22"><span class='ocrx_word' id='word_1_201' title='bbox 46 2765 167 2822; x_wconf 80' lang='lat' dir='ltr'>lumnae</span> <span class='ocrx_word' id='word_1_202' title='bbox 181 2782 307 2842; x_wconf 82' lang='lat' dir='ltr'>aqueae,</span> <span class='ocrx_word' id='word_1_203' title='bbox 330 2767 398 2821; x_wconf 81' lang='lat' dir='ltr'>ac&#39;re</span> <span class='ocrx_word' id='word_1_204' title='bbox 413 2773 497 2822; x_wconf 82' lang='lat' dir='ltr'>extus</span> <span class='ocrx_word' id='word_1_205' title='bbox 517 2773 672 2844; x_wconf 72' lang='lat' dir='ltr'>reaigente,</span> <span class='ocrx_word' id='word_1_206' title='bbox 695 2782 763 2822; x_wconf 87' lang='lat' dir='ltr'>curn</span> <span class='ocrx_word' id='word_1_207' title='bbox 785 2761 943 2844; x_wconf 77' lang='lat' dir='ltr'>vaporibus</span> 
     </span>
     <span class='ocr_line' id='line_1_28' title="bbox 47 2863 988 2943; baseline -0.003 -21"><span class='ocrx_word' id='word_1_208' title='bbox 47 2865 178 2924; x_wconf 79' lang='lat' dir='ltr'>attractis</span> <span class='ocrx_word' id='word_1_209' title='bbox 199 2883 290 2943; x_wconf 88' lang='lat' dir='ltr'>supra</span> <span class='ocrx_word' id='word_1_210' title='bbox 310 2883 337 2941; x_wconf 86' lang='lat' dir='ltr'>g.</span> <span class='ocrx_word' id='word_1_211' title='bbox 359 2883 390 2921; x_wconf 89' lang='lat' dir='ltr'>n.</span> <span class='ocrx_word' id='word_1_212' title='bbox 410 2863 508 2922; x_wconf 78' lang='lat' dir='ltr'>foranu</span> <span class='ocrx_word' id='word_1_213' title='bbox 529 2865 565 2922; x_wconf 78' lang='lat' dir='ltr'>sit</span> <span class='ocrx_word' id='word_1_214' title='bbox 585 2883 725 2941; x_wconf 81' lang='lat' dir='ltr'>expansa.</span> <span class='ocrx_word' id='word_1_215' title='bbox 750 2863 775 2920; x_wconf 94' lang='lat' dir='ltr'><strong>F</strong></span> <span class='ocrx_word' id='word_1_216' title='bbox 778 2866 814 2942; x_wconf 85' lang='lat' dir='ltr'>ig.</span> <span class='ocrx_word' id='word_1_217' title='bbox 837 2866 865 2924; x_wconf 81' lang='lat'>3.</span> <span class='ocrx_word' id='word_1_218' title='bbox 898 2873 944 2924; x_wconf 83' lang='lat' dir='ltr'>ost</span> <span class='ocrx_word' id='word_1_219' title='bbox 985 2913 988 2919; x_wconf 81' lang='grc'>,</span> 
     </span>
     <span class='ocr_line' id='line_1_29' title="bbox 47 2960 943 3044; baseline 0 -22"><span class='ocrx_word' id='word_1_220' title='bbox 47 2984 189 3044; x_wconf 84' lang='lat' dir='ltr'>campana</span> <span class='ocrx_word' id='word_1_221' title='bbox 203 2960 378 3020; x_wconf 85' lang='lat' dir='ltr'>vitrea-oum</span> <span class='ocrx_word' id='word_1_222' title='bbox 394 2960 567 3042; x_wconf 76' lang='lat' dir='ltr'>epistomi03</span> <span class='ocrx_word' id='word_1_223' title='bbox 589 2961 639 3041; x_wconf 83' lang='lat' dir='ltr'>fig.</span> <span class='ocrx_word' id='word_1_224' title='bbox 654 2963 674 3037; x_wconf 74' lang='grc'>4</span> <span class='ocrx_word' id='word_1_225' title='bbox 689 2963 743 3021; x_wconf 85' lang='lat' dir='ltr'>ulia</span> <span class='ocrx_word' id='word_1_226' title='bbox 757 2983 826 3022; x_wconf 89' lang='lat' dir='ltr'>cum</span> <span class='ocrx_word' id='word_1_227' title='bbox 840 2973 943 3043; x_wconf 76' lang='lat' dir='ltr'>patera</span> 
     </span>
     <span class='ocr_line' id='line_1_30' title="bbox 46 3059 943 3144; baseline 0.002 -24"><span class='ocrx_word' id='word_1_228' title='bbox 46 3061 231 3144; x_wconf 78' lang='lat' dir='ltr'>marginata,</span> <span class='ocrx_word' id='word_1_229' title='bbox 252 3059 300 3121; x_wconf 83' lang='lat' dir='ltr'>cui</span> <span class='ocrx_word' id='word_1_230' title='bbox 319 3059 506 3139; x_wconf 85' lang='lat' dir='ltr'>immittitur,</span> <span class='ocrx_word' id='word_1_231' title='bbox 526 3073 799 3144; x_wconf 85' lang='lat' dir='ltr'>postquamcupae</span> <span class='ocrx_word' id='word_1_232' title='bbox 820 3074 943 3142; x_wconf 83' lang='lat' dir='ltr'>excepta</span> 
     </span>
     <span class='ocr_line' id='line_1_31' title="bbox 45 3156 942 3239; baseline 0.002 -21"><span class='ocrx_word' id='word_1_233' title='bbox 45 3159 108 3221; x_wconf 82' lang='lat' dir='ltr'>tuit.</span> <span class='ocrx_word' id='word_1_234' title='bbox 129 3160 180 3239; x_wconf 83' lang='lat' dir='ltr'>fig.</span> <span class='ocrx_word' id='word_1_235' title='bbox 197 3157 217 3218; x_wconf 87' lang='lat'><em>5</em></span> <span class='ocrx_word' id='word_1_236' title='bbox 238 3157 296 3217; x_wconf 82' lang='lat' dir='ltr'>alin</span> <span class='ocrx_word' id='word_1_237' title='bbox 306 3157 442 3238; x_wconf 82' lang='lat' dir='ltr'>gradibus</span> <span class='ocrx_word' id='word_1_238' title='bbox 463 3156 608 3218; x_wconf 78' lang='lat' dir='ltr'>distincta.</span> <span class='ocrx_word' id='word_1_239' title='bbox 622 3159 707 3239; x_wconf 67' lang='lat' dir='ltr'>figo</span> <span class='ocrx_word' id='word_1_240' title='bbox 726 3161 942 3220; x_wconf 78' lang='lat' dir='ltr'>infundibulum</span> 
     </span>
     <span class='ocr_line' id='line_1_32' title="bbox 45 3255 943 3340; baseline 0.002 -22"><span class='ocrx_word' id='word_1_241' title='bbox 45 3279 204 3319; x_wconf 90' lang='lat' dir='ltr'>commune</span> <span class='ocrx_word' id='word_1_242' title='bbox 226 3255 383 3340; x_wconf 86' lang='lat' dir='ltr'>epistomio</span> <span class='ocrx_word' id='word_1_243' title='bbox 394 3257 487 3317; x_wconf 84' lang='lat' dir='ltr'>ferreo</span> <span class='ocrx_word' id='word_1_244' title='bbox 508 3259 653 3318; x_wconf 86' lang='lat' dir='ltr'>conoideo</span> <span class='ocrx_word' id='word_1_245' title='bbox 667 3257 796 3319; x_wconf 82' lang='lat' dir='ltr'>strictius</span> <span class='ocrx_word' id='word_1_246' title='bbox 809 3260 943 3320; x_wconf 75' lang='lat' dir='ltr'>luniusve</span> 
     </span>
     <span class='ocr_line' id='line_1_33' title="bbox 45 3356 942 3438; baseline 0.007 -22"><span class='ocrx_word' id='word_1_247' title='bbox 45 3359 258 3432; x_wconf 84' lang='lat' dir='ltr'>obturandum,</span> <span class='ocrx_word' id='word_1_248' title='bbox 279 3369 369 3438; x_wconf 88' lang='lat' dir='ltr'>prout</span> <span class='ocrx_word' id='word_1_249' title='bbox 390 3356 521 3417; x_wconf 77' lang='lat' dir='ltr'>fluidum</span> <span class='ocrx_word' id='word_1_250' title='bbox 537 3357 649 3418; x_wconf 82' lang='lat' dir='ltr'>tardius</span> <span class='ocrx_word' id='word_1_251' title='bbox 667 3379 819 3438; x_wconf 86' lang='lat' dir='ltr'>permeare</span> <span class='ocrx_word' id='word_1_252' title='bbox 833 3361 942 3422; x_wconf 78' lang='lat' dir='ltr'>debeat</span> 
     </span>
     <span class='ocr_line' id='line_1_34' title="bbox 45 3455 940 3542; baseline 0.007 -28"><span class='ocrx_word' id='word_1_253' title='bbox 45 3473 94 3517; x_wconf 85' lang='lat' dir='ltr'>aut</span> <span class='ocrx_word' id='word_1_254' title='bbox 107 3455 243 3518; x_wconf 78' lang='lat' dir='ltr'>celerius.</span> <span class='ocrx_word' id='word_1_255' title='bbox 264 3455 326 3538; x_wconf 84' lang='lat' dir='ltr'>Fig.</span> <span class='ocrx_word' id='word_1_256' title='bbox 345 3479 362 3537; x_wconf 89' lang='lat'><em>7</em></span> <span class='ocrx_word' id='word_1_257' title='bbox 385 3457 463 3518; x_wconf 87' lang='lat' dir='ltr'>uliud</span> <span class='ocrx_word' id='word_1_258' title='bbox 484 3455 715 3540; x_wconf 80' lang='lat' dir='ltr'>hydrostuticum</span> <span class='ocrx_word' id='word_1_259' title='bbox 737 3471 865 3520; x_wconf 82' lang='lat' dir='ltr'>retortae</span> <span class='ocrx_word' id='word_1_260' title='bbox 887 3482 940 3542; x_wconf 85' lang='lat' dir='ltr'>ap·</span> 
     </span>
     <span class='ocr_line' id='line_1_35' title="bbox 44 3557 192 3634; baseline 0.027 -20"><span class='ocrx_word' id='word_1_261' title='bbox 44 3557 192 3634; x_wconf 88' lang='lat' dir='ltr'>plicatum.</span> 
     </span>
    </p>
   </div>
   <div class='ocr_carea' id='block_1_6' title="bbox 0 0 1194 4154">
    <p class='ocr_par' dir='ltr' id='par_1_6' title="bbox 0 0 1194 4154">
     <span class='ocr_line' id='line_1_36' title="bbox 0 0 1194 4154; baseline 0 0"><span class='ocrx_word' id='word_1_262' title='bbox 0 0 1194 4154; x_wconf 95' lang='lat' dir='ltr'> </span> 
     </span>
    </p>
   </div>
  </div>
 </body>
</html>
