2344 4146
199 339 212 354 N
239 267 290 343 68
394 319 399 328 .
616 283 771 334 consona

238 401 377 458 multifarie
402 399 472 452 taret
497 397 592 450 actioni
618 395 792 469 illinsatqoe
809 410 864 450 eata
883 396 991 465 din'git,
1017 399 1133 452 retardat

238 493 306 545 enim
334 492 438 554 alvum,
461 486 533 539 haud
556 503 618 538 raro
641 487 838 562 perturbatam,
861 485 969 537 nimiam
991 503 1132 539 nemorum

239 579 433 634 sonabilitatem
449 577 478 628 in
493 575 615 627 universo
632 591 759 644 carpam,
775 575 853 626 alenti
869 575 904 626 in·
914 573 1072 643 praecordiis
1085 577 1134 626 mi·

239 670 315 736 nuit,
341 676 419 737 atque
444 664 633 718 vehementiam
659 663 839 715 medicamenti
864 663 977 731 specitici
998 669 1026 714 et
1050 663 1132 716 morbi

240 758 338 828 pariter
363 754 457 821 frangit
483 749 651 816 (Ttuessinl
669 762 693 802 et
710 751 834 818 Althrff).
860 749 954 802 Cortex
971 737 1135 818 ‘petavianus

239 854 285 898 aut
309 845 391 896 simile
416 841 574 894 medicamen
599 838 671 890 acido
694 839 778 906 galico
797 837 929 890 abundans
947 855 1007 888 com
1026 837 1133 906 hydras·

240 949 302 1002 gyro
320 931 397 984 acidis
407 939 497 1000 vnupto
514 945 568 980 non
585 929 738 993 misceatur,
757 928 879 998 quoniam
893 927 943 978 boc
957 927 1061 978 acidum
1075 929 1135 979 salia

240 1021 368 1073 metallica
386 1017 564 1086 decomponit,
589 1025 616 1068 et
633 1031 692 1066 cum
711 1015 820 1066 metallis
838 1014 920 1082 oxyda
945 1015 1043 1081 efficit,
1070 1033 1134 1086 quae

242 1123 316 1175 aegre
333 1107 515 1158 dissolvuntur.
539 1105 634 1155 Balnea
657 1101 745 1172 tepida
761 1101 896 1154 commode
912 1101 1031 1171 pluribus
1049 1105 1078 1154 in
1096 1121 1135 1154 ca·

241 1195 312 1248 sibus
329 1195 387 1246 tassii
404 1194 523 1244 mercurii
541 1200 683 1262 praeeunt,
708 1192 788 1242 immo
805 1190 958 1242 restauratio
976 1189 1073 1242 virium
1091 1209 1137 1241 nu·

241 1283 348 1334 tritioue
366 1290 393 1332 et
410 1279 591 1332 roborantibus
610 1287 669 1330 ante
686 1295 748 1330 enm
764 1279 791 1329 in
804 1262 914 1345 sirrgulis
930 1277 962 1328 fit
980 1279 1135 1343 necessaria,

226 1363 290 1422 'ctsi
308 1387 359 1421 non
378 1370 453 1437 plane
470 1383 607 1433 negarem,
625 1367 705 1434 ipsam
723 1363 961 1429 reaaesectionem,
986 1383 1066 1434 quam
1084 1383 1138 1418 mc

243 1455 294 1508 daci
311 1454 526 1523 montispessulani
544 1452 674 1522 quondam
699 1452 774 1503 initio
800 1467 878 1503 corae
904 1451 1135 1517 commendabant,
1165 1503 1166 1522 ζ

242 1541 372 1594 interdum
391 1542 475 1592 locum
494 1539 589 1591 babere
606 1555 689 1608 posse,
707 1540 830 1590 Monente
848 1539 975 1589 lonvrier
993 1546 1080 1590 autem
1095 1557 1138 1590 cu·
1165 1529 1166 1586 l

243 1631 369 1684 rationem
388 1627 557 1699 purgantibus
571 1628 692 1678 inchoare
706 1617 834 1695 reprobo,
853 1627 902 1677 nisi
916 1627 1001 1678 forsan
1014 1628 1136 1680 colluvies

239 1718 352 1772 sordium
366 1719 410 1769 illa
428 1708 519 1785 cingat.
538 1718 622 1768 Usus:
641 1717 741 1766 Merum
756 1716 888 1766 metallum
902 1733 916 1765 a
930 1715 968 1766 dr.
982 1718 999 1783 jj
1013 1743 1048 1756 -
1061 1721 1139 1783 unci
1165 1767 1166 1772 ,

243 1805 325 1857 donec
342 1805 399 1855 libr.
417 1807 425 1871 j
444 1805 546 1854 circiter
563 1803 642 1853 suerit
659 1803 773 1868 ingesta,
799 1810 892 1852 contra·
907 1801 1067 1870 pertinacem
1086 1804 1135 1854 alvi

243 1892 459 1960 constipationem
475 1890 544 1941 omni
563 1889 706 1958 quadrante
724 1889 803 1960 horse
824 1889 1008 1955 ingurgitatum
1029 1892 1073 1942 vix
1091 1909 1139 1942 un·

242 1995 319 2048 quarn
334 1977 447 2047 pondero
463 1976 543 2028 faeces
560 1976 707 2044 protrudit,
726 1976 773 2027 scd
784 1977 907 2043 stimulo,
926 1995 1003 2046 quern
1019 1977 1140 2044 obtinet,

243 2065 359 2135 partibus
377 2064 497 2130 regulinis
515 2064 647 2130 orydatis,
674 2073 704 2114 ut
728 2081 781 2116 nou
804 2065 886 2115 solum
911 2065 999 2133 plores
1017 2067 1138 2134 suspicati

243 2161 320 2218 sunt,
339 2152 383 2204 sed
402 2153 477 2202 ctiam
496 2151 649 2203 cadaverum
667 2152 808 2220 inspectio,
834 2151 1022 2219 oaydationesn·
1046 2153 1141 2219 globu-

242 2240 328 2292 lorum
347 2234 532 2290 mclollicorum
550 2240 633 2307 palam
652 2239 745 2289 sacieris
759 2239 847 2290 evicit⁰¹
871 2238 926 2290 Nec
948 2256 1015 2308 aqua
1041 2239 1137 2292 fervida

243 2327 352 2378 solvitur
370 2336 502 2393 argentum
521 2327 616 2378 vitrum.
631 2327 704 2392 Quae
722 2326 741 2376 si
760 2327 838 2394 igitur
855 2326 953 2377 samam·
961 2328 1067 2380 virtutis
1081 2345 1143 2380 ver·-

243 2414 352 2481 rnil'ogoe
370 2423 445 2464 nacta
463 2413 509 2479 sit,
527 2412 617 2480 libraj
636 2405 694 2464 oum
713 2415 809 2464 mctalli
828 2431 887 2466 une.
900 2417 918 2481 jj
937 2414 985 2465 sub
999 2416 1137 2482 agitatione

243 2517 302 2552 cum
320 2501 414 2552 bacillo
431 2501 515 2568 ligneo
533 2510 624 2565 cocta,
649 2503 691 2552 rel
709 2503 778 2552 casui
795 2503 865 2552 illata
884 2501 962 2553 debet
980 2505 1021 2554 vel
1041 2503 1138 2554 addita·
1164 2559 1165 2580 ,

244 2590 337 2640 mentis
356 2589 426 2654 aliis,
444 2589 573 2641 vcrrrribus
592 2590 712 2640 inimicis.
733 2590 756 2640 Τ
758 2607 797 2639 am
816 2599 922 2641 externe
940 2609 1017 2660 qrraur
1034 2592 1137 2644 interne
1164 2581 1165 2658 J

246 2677 442 2744 Hydrargyrum
460 2679 660 2729 administratur.
676 2680 728 2729 Pro
743 2697 790 2729 usu
806 2680 908 2731 interno
922 2689 1076 2750 praeparata
1089 2698 1138 2732 mc·
1164 2659 1165 2720 i

243 2763 300 2812 talli
317 2779 376 2812 com
394 2762 471 2812 acidis
489 2762 555 2812 saeta
572 2763 599 2812 in
618 2781 709 2829 genere
726 2765 802 2815 meris
821 2765 938 2832 onydulis
951 2765 1075 2835 praeferri
1090 2767 1132 2818 dc·
1164 2799 1165 2828 ,

244 2847 315 2899 beni.
335 2849 419 2916 Quam
436 2849 546 2899 maxime
565 2849 706 2901 notandum
724 2859 775 2918 est,
799 2869 889 2922 parvas
907 2853 979 2904 doses
996 2856 1096 2910 metalli
1113 2857 1139 2910 in
1164 2841 1165 2920 l

244 2933 356 2986 sananda
375 2934 416 2984 lue
434 2935 574 2986 securiores
592 2955 645 2988 esse
663 2939 759 3002 maguis
784 2947 811 2991 ct
837 2940 963 3006 lortibus,
992 2950 1023 2992 ut
1049 2958 1135 3011 corpus
1164 2945 1165 2980 l

246 3020 318 3090 qnasi
336 3022 459 3089 paulatim
477 3023 674 3075 familiaritatem
693 3025 828 3077 contrahat
842 3045 901 3078 cnm
915 3027 1023 3080 stimulo
1034 3029 1135 3082 remedii
1164 3001 1165 3077 i

244 3107 318 3158 nullo
336 3107 413 3158 modo
431 3119 575 3162 mansueto.
588 3111 698 3162 Externc
715 3112 756 3164 vel
774 3111 940 3180 fumigatione
958 3115 1003 3166 vel
1020 3115 1137 3168 frictione

190 3235 200 3256 ,
245 3195 299 3247 cuti
317 3197 461 3247 insinnatur
479 3198 627 3248 mercurius.
658 3199 819 3266 Fornigatio,
845 3219 911 3270 quae
936 3207 1024 3253 toturn
1049 3217 1134 3274 eorpus

245 3283 430 3349 circumvolat,
453 3285 545 3335 merito
563 3284 640 3336 lrodie
657 3287 796 3353 negligitur
822 3291 892 3350 (vair
910 3291 1038 3352 Hutten).
1065 3292 1136 3361 Topi-

246 3384 319 3436 carn,
338 3389 403 3442 quac
421 3372 441 3422 si
459 3371 543 3423 forsan
561 3375 701 3424 necessaria
719 3375 843 3443 discatur,
867 3377 922 3446 ipso
944 3394 989 3430 ore
1008 3389 1134 3452 exceptam

245 3455 319 3506 sicuti
337 3456 482 3510 trictionem
508 3457 630 3511 methodo
656 3461 784 3512 Clarenna
807 3461 835 3512 in
860 3461 942 3514 bucca
960 3463 1064 3518 iuterna
1081 3481 1132 3518 cun
