2344 4146
271 331 338 380 102
639 325 798 378 CORPORE

253 443 337 508 Albo,
353 441 444 512 pobn.
457 439 588 508 Causnek,
606 457 673 493 ross.
694 438 866 496 mom,
884 439 1076 507 (Tsebesnolr).
1088 441 1132 494 tls·

254 529 323 582 bitot
339 529 404 582 haee
423 529 478 581 allii
495 529 590 600 species
615 529 643 580 in
667 528 760 579 Sicilia.
785 529 863 580 Icon.
890 529 1004 582 blorison
1020 529 1069 582 tab.
1087 531 1128 594 15,

256 618 298 685 lig.
316 635 343 686 9.
363 617 460 670 Suecus
475 635 508 668 ex
524 616 622 668 recenti
638 614 724 668 radies
741 613 842 668 elicitus
859 617 994 669 constituit
1006 617 1056 670 iere
1067 634 1131 687 qunt-

254 714 309 758 tam
326 709 379 774 ejus
397 713 513 776 partem,
531 705 592 775 qui,
611 704 661 756 etsi
677 702 778 756 modico
796 705 854 772 igne
871 704 1036 774 inspissetur,
1052 706 1130 757 retinet

193 801 194 806 ’
255 793 390 845 alliaceum
408 809 535 862 saporem.
547 791 579 842 Et
594 791 650 860 ipsa
666 789 739 841 radix
756 790 895 842 siccatione
911 807 959 842 nec
977 791 1079 844 inodora
1094 791 1129 853 lit,

252 897 303 934 nec
319 881 436 950 insipida.
455 880 493 931 Ex
509 880 571 931 Allii
596 878 744 932 decorticati
762 877 822 930 libr.
847 881 855 946 j
882 879 932 930 olei
958 879 1056 932 seiher.
1079 877 1131 942 dni

254 978 360 1022 evocatu
376 977 423 1019 est.
442 968 638 1036 (Spielmunn).
665 965 743 1018 Cedet
767 965 868 1017 nullum
886 966 993 1036 quidem
1011 965 1130 1018 extrahere

253 1058 348 1126 potuit.
368 1058 441 1126 Aqua
454 1063 481 1106 et
498 1064 598 1106 acetum
616 1054 768 1104 decoctione
782 1053 880 1104 facilius
898 1055 1042 1124 suscipiunt
1053 1053 1128 1105 radicis

254 1145 407 1214 qualitates,
424 1157 503 1212 quam
518 1143 621 1212 spiritus
639 1142 702 1193 vini.
729 1142 785 1191 Vis.
805 1140 886 1192 lladin
915 1141 974 1192 Attii
992 1143 1046 1194 cuti
1063 1139 1131 1210 appli·

253 1239 327 1296 cate,
345 1248 402 1282 eam
418 1230 560 1295 rubefecit,
578 1238 605 1280 et
621 1228 753 1280 liberalius
771 1229 869 1295 ingesta
880 1246 934 1282 nun
946 1229 1025 1282 modo
1036 1229 1131 1280 halitum

253 1316 332 1369 odore
350 1335 396 1367 suo
421 1315 559 1384 inquinat,
584 1315 628 1366 sed
654 1306 736 1382 ipsum
762 1313 870 1380 lotium,
897 1314 937 1364 lac
963 1323 990 1366 et
1015 1315 1128 1366 sudorem.

147 1425 149 1430 ’
249 1405 336 1466 Usus5
355 1402 459 1453 uberior
476 1401 603 1452 culinaria.
622 1402 654 1452 In
671 1401 813 1465 asthmate,
839 1400 956 1452 catarrho
983 1409 1010 1453 et
1028 1401 1129 1468 hydrope

252 1493 302 1557 jam
321 1489 419 1540 dudum
436 1487 564 1540 landatur.
579 1487 691 1554 Vulgare
710 1489 780 1539 inter
793 1488 895 1556 plebem
914 1487 1081 1540 domesticum
1094 1503 1132 1536 au·

250 1574 448 1626 thelminticum.
467 1574 574 1640 Bergius
593 1573 755 1624 commendat
772 1574 862 1624 allium
886 1573 914 1623 in
930 1573 1051 1626 febribus
1065 1575 1130 1624 inter·

249 1661 429 1727 mittentibus,
448 1679 513 1732 quae
531 1659 657 1713 a'uturuno
674 1671 828 1730 grassantur.
855 1661 981 1730 incipitur
1007 1681 1066 1714 cnm
1082 1661 1130 1712 bul·

249 1749 327 1812 bulo,
355 1766 429 1800 mane
455 1758 481 1800 et
506 1749 624 1818 ¹vesperi,
650 1767 730 1799 unum
758 1747 876 1818 quotidie
900 1749 1036 1815 addendo,
1062 1765 1129 1818 usquc

247 1836 309 1888 dum
326 1853 400 1901 aeger
417 1835 465 1900 4-5
481 1835 596 1904 qualibet
612 1820 812 1888 vice'snmserit.
832 1835 910 1886 Febri
928 1846 1043 1888 cessante
1061 1851 1128 1886 unum

248 1926 292 1979 vel
309 1925 418 1976 alterum
434 1923 544 1974 bulbum
561 1922 651 1976 eodem
669 1931 784 1992 tempore
808 1941 855 1992 per
879 1923 964 1992 plures
987 1925 1131 1994 septimanas

252 2011 387 2066 comedere
408 2011 522 2080 prodest.
546 2012 577 2062 ln
597 2011 720 2062 surditate
737 2011 895 2064 rheumatica
912 2012 1012 2080 saepius
1027 2014 1130 2064 levamen

248 2100 353 2165 attnlit,
376 2098 461 2150 lanam
478 2097 665 2166 bombyciuarn
674 2117 751 2150 succo
769 2099 822 2150 allii
839 2097 983 2150 imbibitum
1001 2102 1071 2152 auris
1088 2097 1132 2150 ori·

246 2186 307 2238 ficio
325 2187 460 2255 aliquoties
477 2185 508 2236 de
526 2186 566 2237 dic
584 2188 729 2238 immittere.
750 2187 849 2238 Meuius
861 2185 1004 2239 auditorius
1019 2187 1078 2240 inde
1090 2205 1129 2238 ru·

246 2273 346 2336 besoit,
364 2281 391 2322 et
407 2271 488 2324 dolet.
505 2272 644 2341 Epidermis
662 2274 862 2344 desquamatur,
886 2283 913 2326 et
937 2293 992 2328 nun
1016 2294 1074 2328 raro
1091 2291 1128 2324 an·

247 2359 316 2410 ditus
333 2358 408 2410 redit.
427 2358 464 2410 ld.
483 2359 640 2412 Evertendae
658 2360 735 2411 febris
752 2361 945 2414 intes-mittentis
958 2380 1037 2414 cause
1049 2363 1128 2414 allium

244 2453 380 2496 contusum
397 2461 501 2514 quoquc
518 2445 599 2514 carpis
617 2445 806 2514 imponebatur.

245 2623 404 2716 ΤΑΙΣΟΕ
421 2636 721 2714 SUCCOTRINA,
742 2661 997 2704 cunni-unsrun.

284 2753 408 2813 ALOE
424 2754 646 2815 PERFOLIA
653 2755 718 2816 TA.

281 2931 401 2994 Fnsteo:
431 2899 618 2994 ssoecrsleutus
647 2937 795 3020 utrimque
820 2935 929 2997 Indize
960 2950 989 2996 ct
1015 2937 1131 3020 Asn'cuc

242 3033 449 3094 meridionalis.
468 3052 470 3056 ’

284 3135 513 3196 (dumosi-resina
533 3136 804 3216 rubro-nigricans,
822 3159 1064 3219 purpumseem,
1095 3137 1131 3195 ηἰ-

207 3252 214 3264 ’
244 3249 320 3305 tens,
340 3235 511 3317 diopistim
532 3239 562 3296 s'n
578 3239 732 3318 pulverem
749 3237 888 3312 redacta,
905 3260 997 3300 aurea
1006 3285 1017 3314 ,
1037 3240 1133 3323 splen·

202 3335 223 3386 9
241 3331 313 3392 dens
318 3377 330 3406 ,
347 3338 461 3417 saporis
472 3339 762 3412 unum-ammoni,
773 3337 872 3400 odoris
884 3341 1040 3400 aremu'ei
1051 3357 1128 3420 myr-

171 3473 176 3504 ,
243 3435 326 3494 rhini.
826 3487 829 3494 .

279 3516 373 3592 Αιοὲ
390 3548 556 3591 rurenses
584 3531 690 3592 coluris
715 3533 910 3607 eberwinus,
938 3531 1056 3606 dunbr,
1076 3536 1130 3592 sir·
