2380 4154
428 272 614 324 lucrorum
837 351 840 356 Δ
918 279 964 358 19

60 407 115 472 pro
136 384 292 469 disciplina
307 385 557 467 pharmaceutica.
574 385 650 446 Cum
664 405 736 468 ergo
749 384 781 447 in
794 384 840 448 his
853 407 956 452 omnes

64 489 260 558 conveniant,
286 485 369 566 quod
389 483 531 546 Chemiae
558 484 800 547 Latoisierianae
816 485 962 570 principis

63 590 103 648 ita
123 586 187 648 sint
207 583 377 655 vindicata,
407 597 439 644 et
467 584 541 645 haec
561 586 638 646 adeo
659 605 723 646 sese
744 589 880 648 omnibus
902 608 957 671 ap-

60 684 277 772 probaverint,
309 698 343 744 ut
362 682 549 766 paucissimi,
580 684 629 746 vel
649 689 813 768 supersint,
847 687 894 748 rel
918 685 961 750 vi·

63 785 124 848 deri
145 783 243 848 velint
263 784 327 866 ejus
341 786 576 860 obtrectatores,
596 785 711 846 nullum
728 801 828 860 certe,
849 808 888 848 ex
902 808 959 850 usu

63 887 107 947 vel
127 885 294 947 commodo
314 882 415 964 aliquo
435 883 584 966 petitum,
608 901 819 968 argumentum
841 888 959 952 videtur

64 1003 210 1045 novorum
231 979 389 1042 nominum
410 982 449 1042 ad
468 981 687 1044 medicamenta
717 983 850 1046 chemino
870 983 959 1068 signi·

61 1085 179 1146 licenda
199 1079 417 1142 introductioni
437 1081 599 1144 adversari.

97 1181 231 1244 Nomina
251 1201 323 1262 ergo
336 1179 577 1258 medicamentis,
599 1194 743 1264 quantum
757 1179 824 1244 lieri
843 1183 958 1266 potuit,

60 1280 274 1366 apposuimus,
286 1301 363 1360 quae
373 1281 515 1368 chemise·
521 1281 693 1342 recentioris
705 1294 792 1356 sunt,
806 1283 844 1344 ad
855 1283 960 1346 aetatis
985 1309 988 1320 ¹

60 1400 90 1446 et
103 1379 280 1463 disciplinae
293 1379 456 1444 hodiernae
470 1373 617 1442 rationem
631 1383 874 1465 accommodata,
895 1383 959 1465 qui·

58 1486 113 1546 bus
133 1481 254 1544 indoles
274 1483 507 1562 compositorum
528 1481 741 1563 significatur,
760 1494 811 1559 ut,
839 1481 959 1544 nomine

61 1584 229 1656 intellecto,
263 1578 441 1660 quibusnam
467 1579 616 1663 principiis
637 1581 834 1668 compositum
855 1594 959 1644 natum

68 1679 125 1759 sit,
144 1700 215 1741 mox
239 1697 344 1738 omnes
364 1677 452 1758 periti
472 1677 646 1761 intelligant.

5 1769 6 1828 i
99 1781 165 1840 Non
188 1789 236 1838 est
257 1775 435 1858 propterea,
456 1779 539 1860 quod
559 1778 715 1838 nominum
736 1789 754 1837 a
774 1775 861 1838 nobis
874 1777 958 1840 adhi-

5 1879 6 1914 ³
60 1881 192 1944 bitonum
208 1881 269 1938 hoc
284 1877 350 1938 loco
363 1881 508 1938 rationem
524 1878 737 1953 exhibeamus,
754 1877 864 1962 quippe
880 1897 959 1958 quac

5 1971 6 1976 ἵ
60 2002 96 2041 ex
116 1981 226 2062 quovis
256 1976 403 2058 probabili
432 1991 594 2060 systemate
626 1978 761 2039 chemino
781 1977 956 2062 ‘recentiore

60 2083 194 2165 petenda
215 2094 270 2140 est.
286 2081 340 2139 Est
361 2095 472 2155 tamen,
496 2093 529 2142 ut
542 2081 592 2142 hic
605 2083 747 2142 nonirulla
763 2103 954 2163 moneamus,

5 2207 6 2210 ¹
61 2204 137 2264 quae
159 2169 284 2240 nostrae
314 2178 522 2262 technologiae
552 2181 673 2263 propria
698 2181 810 2264 possint
844 2175 959 2263 videri,

61 2284 108 2344 rel
129 2281 274 2344 recedere
295 2303 313 2340 a
334 2295 454 2361 recepto
476 2280 687 2342 denominandi
707 2303 807 2355 more,
841 2294 874 2341 nt
905 2303 959 2363 pa·

62 2395 122 2444 teat
136 2427 146 2462 ,
168 2365 393 2462 qualeicuuque
415 2379 764 2462 nostrasemendationes
778 2378 809 2440 in
822 2381 958 2462 analogia

63 2481 221 2544 uniuersae
238 2477 408 2560 disciplinae
423 2501 485 2540 esse
500 2484 618 2560 positas,
639 2481 856 2562 perspicuitatis
870 2503 959 2541 causa

5 2613 7 2652 t
62 2582 266 2654 introductas,
287 2579 336 2640 vel
357 2578 448 2640 etiam
468 2578 622 2640 recessisse
643 2601 660 2639 a
681 2579 850 2662 systematis
868 2579 960 2640 deno·

63 2679 201 2741 minandi
237 2699 337 2739 severa
368 2679 454 2760 lege,
490 2694 524 2739 ut
553 2699 637 2740 error
666 2678 697 2739 iu
726 2677 959 2762 praescribendis

63 2781 197 2841 formulis
209 2777 443 2858 magistralibus,
463 2778 549 2838 facile
563 2791 696 2840 ceterum
711 2778 956 2860 committendus,
1044 2770 1047 2778 ’

58 2880 214 2951 evitetur,
249 2890 302 2936 aut
331 2879 420 2936 etiam
450 2877 580 2938 breviori
600 2878 730 2939 dictione
750 2877 960 2940 medicamenti
1003 2913 1006 2918 ·

62 2979 167 3040 titulus
191 2979 473 3058 comprehendatur
501 2978 591 3037 Haud
612 2982 690 3037 enim
717 2977 789 3039 levis
814 2979 975 3037 momenti¹

61 3076 263 3138 terminorum
284 3073 476 3135 officinalium
492 3075 546 3136 dos
562 3089 605 3136 est
618 3077 765 3198 brevitas,
788 3070 879 3136 modo
893 3095 960 3158 per·

63 3173 214 3260 spicuitati
237 3196 297 3234 non
319 3175 407 3235 obsit.

99 3274 265 3357 Praecipui
285 3276 373 3358 hujus
394 3273 510 3357 generis
531 3275 648 3336 termini
668 3290 824 3355 sequertes
849 3287 938 3336 sunt·

5 3391 6 3448 ξ
101 3379 139 3436 ln
169 3373 397 3435 denominandis
427 3373 692 3456 compositionibus
718 3375 905 3436 trietallorum
929 3388 960 3436 et

5 3457 7 3508 l
63 3473 211 3558 exygenii
230 3473 384 3556 principii,
416 3495 488 3555 quas
519 3473 589 3537 olim
620 3475 716 3536 calces
736 3475 896 3536 metallicas
917 3473 961 3534 di·
