2344 4146
276 215 342 286 108
639 231 799 282 coarcat

263 352 289 417 jjj
308 347 358 398 olei
375 354 459 398 autem
478 345 647 408 aethereidr.
664 348 672 413 j
692 345 874 419 (Gledi'rsclo.
902 345 929 396 V
929 345 951 395 is
968 343 1086 410 nonina,
1101 358 1132 393 ca·

262 433 380 488 lefaeiens
396 441 415 498 ,'
429 433 608 508 diaphoretica.
636 433 717 484 Dosis
742 433 841 502 pulver.
868 451 905 500 gr.
924 431 1042 482 xv-XX.
1066 427 1133 480 lnlusi

262 522 350 592 aquosi
367 520 668 592 rubro-purpuramentis
685 538 732 572 nec
749 520 867 589 salphate
885 520 943 570 ferri
966 517 1131 586 nigrescentis,

263 625 298 659 ex
317 626 375 658 unc.
394 609 422 682 ss
439 627 497 658 cum
511 626 571 676 aqu.
588 625 646 678 unc.
660 595 711 675 ij}
723 606 821 677 parati,
839 606 932 658 dentur
945 607 1017 656 omni
1030 604 1089 655 hora
1099 609 1133 652 aut

249 693 363 747 -bihurio
381 695 462 748 cochl.
480 698 496 764 jj
515 711 612 763 magua.
700 715 712 732 ⁵

78 857 81 866 ’
172 853 173 858 ‘
262 880 530 959 lucumoni,
551 899 682 940 coma.

303 1001 516 1060 MAGNOLIA
537 996 769 1059 PLUMuERI?
790 1017 829 1056 aa
851 1017 929 1058 vnao
949 993 1107 1056 Baucltl

344 1119 742 1196 ANTlDYSENTElllCA,
767 1139 822 1181 sau
842 1114 1115 1180 FERRUGINEAl

302 1298 349 1361 Ex
369 1298 467 1359 insula
487 1300 655 1380 Angustura
677 1296 830 1358 American
851 1295 1061 1358 meridionalia.

303 1399 414 1459 Cortex
433 1401 531 1458 frustis
553 1397 707 1473 convexis,
742 1398 876 1459 diametri
902 1398 1021 1458 circiter
1041 1393 1137 1476 sesqui·

262 1497 393 1580 pollicis,
424 1499 468 1558 vel
504 1500 647 1578 minoris,
677 1498 866 1579 longitudinis
897 1501 1072 1580 plerumque
1099 1515 1138 1555 arx

261 1599 419 1680 pollicum⁷
440 1601 544 1660 lineam
559 1598 673 1660 circiter
687 1600 836 1660 dimidiam
848 1603 970 1676 crassis,
993 1597 1137 1670 diffractis,

263 1699 484 1782 splendentibus
505 1715 534 1760 et
555 1699 706 1776 resinous,
728 1721 889 1779 numquam
911 1696 1049 1776 fibrosts,
1069 1706 1136 1756 extn

261 1799 465 1878 inaequalibus
487 1809 518 1858 et
538 1796 670 1869 sulcatis,
696 1818 733 1856 ex
758 1797 842 1856 fusco
868 1795 1077 1867 oclnnleucia‚
1102 1811 1137 1852 sa·

221 1909 225 1915 ’
261 1896 341 1979 poris
357 1896 469 1966 arnan,
489 1896 656 1974 aromatici,
669 1896 941 1968 subcinnamomei3
955 1900 982 1954 in
999 1895 1136 1978 pulverem

261 1997 364 2070 tritus,
386 1994 484 2052 colore
505 1993 610 2052 rheam
632 1995 803 2053 aemulatur.

290 2136 352 2188 Nor.
366 2135 408 2186 60.
427 2134 528 2184 Dicitur
539 2133 602 2185 haec
615 2137 700 2204 planta
715 2137 741 2187 in
755 2137 871 2188 Amerina
888 2135 1052 2188 meridionali
1068 2135 1136 2204 Quin·

258 2221 343 2291 'quina
362 2221 403 2270 del
420 2221 572 2287 Angustura.
592 2223 674 2291 Eques
695 2223 735 2274 W
735 2222 889 2274 illdeuovius
907 2239 962 2273 earn
980 2224 1008 2273 in
1030 2223 1137 2274 honora·

267 2308 471 2377 Bonplaudii‚a
488 2326 541 2376 quo
566 2309 676 2376 primum
694 2319 784 2360 exacte
801 2311 996 2378 descriptam,
1025 2327 1091 2362 novo
1105 2323 1138 2374 gr·

266 2396 324 2447 neri
342 2405 372 2447 ut
388 2395 497 2464 speciem
515 2395 647 2464 hucusque
665 2398 765 2448 unicum
786 2397 834 2449 sub
851 2399 955 2448 nornine
973 2395 1138 2468 aonptaidioe

268 2482 427 2550 trisolr'atae,
448 2481 554 2534 addixit.
571 2484 646 2534 Icon.
664 2485 758 2546 Hosne
770 2483 1017 2538 Aranei-Gewdchse
1031 2485 1052 2536 l.
1066 2483 1095 2534 T.
1110 2481 1137 2531 ιδ.

266 2568 377 2621 Intravit
394 2569 511 2620 tabernas
537 2569 751 2637 pharmaceuticas
769 2579 859 2622 cortex
875 2588 907 2622 ex
925 2571 998 2622 ludia
1020 2569 1136 2632 orientali,

264 2659 326 2729 qul,
344 2659 391 2709 etsi
410 2659 519 2724 genuino
537 2657 624 2708 similis
641 2658 689 2722 ait,
707 2659 849 2727 periculosa
862 2641 1136 2729 tamen'aymptoman,

263 2745 414 2810 vertiginem
432 2743 545 2809 scilicet¹
563 2743 688 2797 vomitum
705 2743 806 2814 aliaque
822 2743 949 2813 producit.
976 2745 1063 2798 Verus
1078 2758 1138 2814 pm·

264 2831 334 2882 ditua
351 2839 389 2882 eat
406 2837 495 2900 sapore
512 2832 585 2882 nimis
603 2833 855 2896 ammo-aromatico,
874 2832 918 2884 diu
933 2831 1136 2902 perdurantem

263 2918 372 2985 ingrato.
391 2918 475 2983 Sulci,
492 2919 536 2988 qui
554 2919 714 2986 superficiem
731 2927 863 2970 extentam
887 2929 1045 2988 perrepunt,
1070 2928 1139 2972 trans·

263 3021 337 3058 verae
354 3004 502 3058 decurrunt.
522 3005 674 3071 Fragmenta
691 3005 746 3056 fulsi
763 3005 911 3058 colorantur
922 3009 1054 3074 exterius,
1071 3003 1137 3058 licta·

260 3092 338 3146 nibus
355 3090 579 3144 venucilarmibua
596 3076 714 3156 adnexis,
731 3091 1004 3157 albida-aubflnve‚·et
1019 3091 1138 3159 robigine·

262 3195 304 3247 κς
319 3179 425 3232 interius
437 3178 573 3245 subnigra,
587 3187 665 3247 atque
676 3193 765 3246 sapore
778 3177 942 3246 vixquarsiae
952 3177 1056 3232 cedunt.
1065 3177 1138 3230 tutuo

263 3281 296 3322 en
313 3266 349 3318 eia
367 3273 454 3333 parata
467 3265 583 3333 aulphate
596 3263 657 3316 sarri
669 3265 816 3331 nigrescunt
834 3265 1009 3330 (flambard).
1028 3266 1136 3318 Monentt

264 3351 459 3423 Tromsdorffio
477 3353 601 3420 genuinus
618 3361 770 3419 anquaturae
794 3359 892 3404 cortex·
904 3370 957 3404 non
981 3354 1058 3423 plane
1076 3351 1136 3422 pu'n·

263 3436 324 3504 cipit
340 3436 514 3506 scytodepliici
531 3453 620 3508 expers
636 3445 753 3508 repertur
777 3445 823 3508 eat.
842 3437 901 3492 libr.
917 3438 953 3504 jV
970 3437 1067 3494 dabam
1083 3442 1135 3490 eiu·
