2360 4150
259 281 330 354 238
633 302 791 352 comunt
888 229 897 286 l

250 497 422 579 -†1>u>ea
453 459 741 559 HIsPANJCUm
756 517 816 559 aa
836 495 1047 579 nvmcuu,
1067 513 1126 555 uu

336 618 428 658 crus.
513 633 517 640 ·

299 725 525 788 CAPSICUM
541 725 746 789 ANNUUM.

293 884 404 946 Planta
424 906 525 946 onnam
545 886 699 948 Americoe
710 883 927 961 meridionalis,
948 886 978 946 in
993 883 1126 946 lsortisno-

253 988 320 1045 stris
331 985 508 1067 frequenter
524 987 614 1045 culta.

205 1123 208 1130 Δ
295 1085 423 1144 Fructus
437 1087 617 1166 oopsnloris,
636 1088 742 1158 ruber,
762 1084 870 1148 nitidus
875 1086 1035 1159 ,coniens,
1053 1084 1126 1142 imur

252 1197 334 1244 vatris
343 1229 354 1258 ,
373 1187 527 1246 seminibus
546 1185 735 1246 snbrotnndis
745 1229 756 1259 ,
776 1187 966 1268 compressis,
987 1181 1089 1244 albidis
1097 1201 1127 1240 n·

242 1282 342 1365 fertus
352 1329 363 1358 ,
383 1287 499 1368 saporis
518 1287 656 1346 acerrimi
662 1327 672 1359 ,
692 1288 776 1366 igrsm

279 1442 339 1492 Not.
358 1457 414 1510 227.
434 1443 516 1494 Germ
536 1425 674 1496 Gbmeiner
692 1444 837 1513 spanischer
860 1443 968 1510 Ploll'or,
999 1445 1061 1515 belg.
1081 1445 1131 1508 jau·

254 1525 327 1595 lykse
344 1530 481 1598 spaansche
499 1548 592 1599 pepcr,
610 1529 671 1584 dau.
689 1531 869 1602 huelp-pober,
888 1550 955 1584 suec.
972 1531 1069 1601 spansk
1085 1543 1129 1599 ptp·

250 1633 298 1685 par
314 1617 383 1687 angl.
401 1616 446 1668 the
464 1619 555 1684 guiuea
568 1637 677 1688 pepper,
694 1621 757 1690 gall.
772 1620 861 1689 poivre
875 1620 906 1672 de
920 1620 1043 1688 Guineie,
1060 1620 1127 1688 poim

252 1701 414 1772 d'lispagus,
432 1703 485 1756 ital
509 1705 642 1774 Peperone
659 1723 782 1772 comune,
808 1707 871 1777 hisp.
896 1707 1025 1776 piutienta
1048 1706 1077 1758 de
1097 1704 1127 1752 lt·

255 1791 325 1856 dias,
343 1795 411 1845 lusit.
428 1795 559 1862 pimentao
572 1795 604 1846 da
619 1796 706 1860 India,
719 1798 810 1866 ¹polan.
830 1796 985 1865 Pieprzyca,
1006 1815 1067 1848 ross.
1079 1791 1130 1846 Gssl·

253 1877 435 1944 Pyffltoffltt
451 1881 600 1952 ssEPElfls.
618 1885 690 1935 Icon.
709 1885 773 1934 Zorn
792 1883 822 1934 T.
838 1882 896 1936 300.
912 1883 1063 1934 Extractnm
1078 1877 1131 1948 spiri·

255 1977 358 2018 tunsum
377 1969 475 2020 liumus
493 1973 585 2038 capsici
603 1972 681 2022 annui
700 1972 888 2022 intolerabilem
907 1969 959 2022 sere
984 1970 1097 2021 ardorem
1114 1963 1132 2014 lu

254 2051 341 2118 lingua
355 2057 458 2105 excitat.
479 2056 539 2106 Vis:
558 2055 647 2108 eadem
666 2075 731 2128 quae
758 2059 785 2110 in
802 2060 890 2127 pipere
908 2057 983 2122 albo,
1008 2066 1047 2108 ast
1069 2054 1131 2105 inulto

251 2136 350 2190 fortior.
368 2141 448 2192 Usnss
463 2141 488 2192 in
503 2143 595 2208 angina
608 2145 734 2211 maligna,
753 2148 894 2211 amanrosi,
908 2155 935 2196 et
948 2147 1050 2196 vomitu
1064 2145 1130 2208 nigro,

253 2225 298 2294 qui
317 2225 432 2291 febrem,
453 2247 530 2298 quam
548 2230 639 2281 flavam
658 2233 762 2298 dicunt,
787 2235 933 2284 comitatur.
959 2227 1130 2295 Tr'ncturapr

250 2313 318 2382 peris
335 2313 466 2384 hispanici,
487 2317 516 2368 R.
535 2323 615 2387 piper.
634 2319 757 2388 hispanici
771 2339 828 2372 uno
847 2319 879 2394 ss
891 2321 973 2389 spirit.
996 2321 1051 2370 vin.
1068 2315 1131 2376 libai
1152 2347 1153 2356 κ

229 2415 231 2424 ’
250 2399 327 2453 Dosis
345 2401 418 2470 hujus
437 2403 619 2454 tincturae'slr.
638 2405 692 2471 1111,
712 2407 776 2456 Cum
794 2425 860 2476 aqua
877 2406 958 2456 diluta
975 2399 1130 2474 gargarismafl

250 2487 385 2542 inservivit
412 2489 518 2550 (Adair
529 2497 550 2554 ).
573 2489 643 2544 Jolm
670 2493 760 2544 Curire
782 2495 933 2560 gargarisma
950 2510 994 2544 ox,
1012 2511 1050 2556 gr.
1066 2493 1134 2558 joam

248 2591 330 2645 aquae
349 2593 406 2626 uno.
425 2577 441 2642 11
460 2577 586 2627 inlusione
604 2587 722 2646 paratum
740 2577 864 2628 adhibuit.
882 2578 980 2632 Pilato
996 2577 1090 2646 piperis
1103 2572 1132 2622 Μ’

249 2661 359 2729 spastici,
380 2663 398 2712 b
427 2663 509 2730 piper.
527 2663 593 2732 hisp.
611 2663 649 2714 dr.
664 2682 671 2731 1
690 2664 764 2715 lirin.
781 2665 882 2716 seualin.
901 2683 936 2732 gr.
951 2663 976 2713 V
991 2679 1074 2734 aquae
1089 2678 1110 2729 q·
1119 2675 1134 2706 t·

247 2757 278 2799 ut
295 2749 311 2797 l.
330 2747 403 2813 pilul.
422 2747 469 2811 ij.
490 2749 573 2798 Detur
586 2752 656 2800 omni
669 2751 772 2802 bibario
785 2753 879 2820 pilutj
899 2751 925 2800 in
941 2751 1045 2800 vomitu
1060 2751 1131 2812 nigros

247 2848 300 2900 quo
317 2830 394 2881 lebria
411 2831 476 2882 flava
494 2849 581 2900 aegros
594 2833 689 2888 adoriri
707 2839 779 2888 solet.
798 2837 883 2889 Pulvis
891 2836 1049 2907 febrifisgus
1065 2847 1131 2900 erp

245 2935 300 2988 per.
318 2915 416 2987 hispan.
434 2919 534 2990 Bergri,
554 2921 583 2972 R.
602 2937 663 2972 sem.
683 2917 763 2994 piper.
783 2923 861 2975 indie.
880 2941 916 2990 gr.
935 2923 967 2990 Vj
987 2925 1063 2976 hacc.
1086 2917 1134 2970 1111ῐὶ

249 3023 298 3057 scr.
316 3007 332 3074 11
352 3023 384 3056 m.
402 3007 419 3058 l.
438 3009 509 3076 pulv.
528 3009 612 3061 Divid.
627 3011 653 3061 iu
668 3021 718 3063 tres
732 3021 817 3080 partes
830 3012 958 3080 aequales.
974 3011 1077 3082 Primus
1089 3005 1133 3077 pul·

248 3093 286 3146 vis
303 3096 413 3147 sumitur
431 3097 569 3166 incipiente
587 3097 685 3164 rigore,
705 3091 830 3178 soosindps
849 3097 972 3168 postridie
991 3099 1080 3148 eadem
1098 3095 1135 3145 bo·

249 3199 292 3246 ra,
310 3183 402 3233 tertius
419 3193 505 3234 autem
523 3186 600 3237 tertio
618 3185 667 3236 dio.
681 3185 831 3254 Saepissime
845 3186 911 3237 vidit
924 3194 1000 3236 autor
1014 3185 1095 3236 febres
1105 3181 1135 3230 in·

252 3270 425 3321 termittontes
451 3280 593 3339 protractas
617 3271 656 3322 his
679 3273 827 3340 pulveribus
852 3290 906 3324 esse
934 3273 1089 3340 proffigatas.
1113 3289 1137 3304 ··

252 3351 469 3420 condimentum,
487 3355 558 3425 quod
574 3356 623 3407 sub
640 3358 743 3409 nomine
760 3375 872 3422 mosne
886 3375 982 3427 peppu·
996 3374 1030 3408 ex
1046 3356 1132 3422 cayeu

252 3440 281 3490 in
298 3439 415 3492 Amerina
432 3441 464 3491 ad
482 3459 528 3492 nos
545 3443 713 3507 transfertur,
731 3452 810 3513 atque
827 3461 842 3494 a
856 3444 959 3494 medicis
975 3444 1083 3512 Angliae
1094 3455 1136 3490 me·

256 3524 390 3578 dicaminis
402 3527 461 3580 loco
473 3527 624 3597 adhibetur,
642 3546 676 3581 ex
687 3529 827 3582 seminibus
839 3529 932 3599 ospsioi
944 3527 1049 3582 baooati
1062 3521 1137 3592 (bul
