2344 4146
240 269 288 345 70
405 246 408 250 ’
621 259 778 318 corrosa
817 303 819 306 .

264 384 328 436 Not.
345 381 384 434 16.
399 381 484 434 Garun
497 380 678 447 Ktichousalz,
695 381 759 434 dans
770 393 795 433 er
807 397 875 434 snae.
888 379 955 446 Salo,
974 381 1039 452 belg.
1052 381 1137 448 tout,

238 469 312 538 angl.
326 468 397 532 Salt,
413 467 478 538 gall}
496 467 539 520 Sel
555 485 694 534 commun,
713 465 780 536 top.
792 467 903 536 eglnsit.
916 467 975 533 Sal,
994 469 1051 520 irat
1058 468 1138 535 sate,

237 569 305 608 ros..
322 553 558 611 norrrcuuan
574 540 681 609 cons.
707 539 779 606 uui
802 553 886 606 roste.
908 555 1002 606 ..unos
1027 553 1138 606 cerma-

237 642 299 694 niae
316 643 432 694 eminent
449 641 650 710 luneburgense
667 649 695 694 et
709 641 834 694 balenses.
854 643 942 712 Aquae
959 643 1054 711 prioris
1072 641 1139 696 libra

239 729 320 782 civilis
338 730 455 786 continet
471 729 530 780 salis
547 730 688 782 semuncias
703 749 722 798 9
738 732 797 799 ss„
821 732 970 801 posterioris
993 730 1054 783 libr.
1074 735 1093 800 ji
1109 739 1138 784 et

239 835 299 874 nuc.
317 818 343 869 V
361 818 437 881 (eine
454 817 578 869 hallische
596 818 706 878 Kanna>
724 819 782 870 salia
799 837 858 871 unc.
877 821 936 888 ijj.
951 819 994 872 Sal
1007 821 1137 872 marinum

241 916 269 960 at
285 908 436 976 praesertim
454 905 539 974 istud,
565 907 635 976 quod
656 924 737 976 prope
761 909 849 960 littora
873 909 901 960 in
918 909 991 960 fossis
1005 909 1139 978 paludosis

240 995 349 1048 collecta
374 993 555 1062 evaporatione
580 993 774 1061 condensatur,
792 997 881 1048 multis
905 996 1023 1065 partibus
1040 996 1138 1050 adven-

239 1082 321 1147 titiis,
339 1081 457 1150 salphate
474 1081 626 1149 magnesiae,
639 1082 749 1134 muriate
766 1083 904 1150 calcariae,
923 1084 1031 1154 aliisque
1047 1083 1136 1138 foeda-

239 1177 293 1224 tur.
312 1169 420 1234 Constat
436 1170 473 1220 sal
490 1170 606 1221 culinare
623 1187 656 1220 ex
673 1169 739 1226 acidi
757 1171 884 1223 muriatici
904 1173 952 1236 52,
970 1171 1046 1224 uatri'
1058 1171 1093 1238 42
1110 1181 1137 1224 et

167 1327 168 1330 Ἴ
240 1275 323 1327 aquae
339 1258 364 1308 6.
384 1257 494 1310 Solvunl
517 1273 599 1326 aquae
621 1266 708 1324 partes
732 1259 777 1322 a,5
801 1275 879 1310 unum
903 1260 971 1312 nutri
995 1259 1135 1312 maniatici.

243 1345 270 1396 V
270 1346 310 1396 is:
328 1345 408 1411 Erigit
425 1351 498 1411 grato
516 1344 592 1396 modo
610 1344 734 1396 stomachi
748 1346 830 1411 νῖκος
849 1345 943 1399 abusus
956 1346 1064 1416 quidem
1078 1365 1136 1415 pro·

240 1429 432 1498 olivitatem,ad
449 1430 532 1480 crasiu
548 1430 719 1482 scorbuticam
736 1432 886 1500 progignere
903 1432 1015 1486 videtur.
1045 1435 1136 1486 Usru:

239 1515 351 1582 vulgaris
375 1516 403 1565 in
427 1515 527 1566 culinis.
558 1515 697 1566 Adduntur
718 1534 777 1568 unc.
794 1519 803 1583 j
820 1547 853 1558 -
869 1519 886 1584 jj
905 1518 1073 1585 clysmatibus
1092 1520 1137 1572 do-
1170 1553 1171 1576 r

239 1601 360 1654 mesticis.
369 1601 440 1652 Ilush
456 1599 588 1670 praedicat
605 1602 641 1652 sal
659 1619 795 1655 commune
812 1603 840 1654 iu
859 1603 1039 1672 hacmophtysi
1057 1614 1136 1658 utre·
1170 1595 1171 1612 ¹

240 1687 353 1742 medium
371 1688 576 1758 paratissimum,
600 1705 649 1740 nec
665 1689 774 1756 injuria,
799 1689 898 1742 oriatur
919 1699 1024 1759 sputum
1042 1709 1136 1744 crueu·

238 1783 296 1828 tsrm
314 1793 345 1827 ex
362 1775 498 1845 plethcra,
516 1783 562 1826 aut
578 1791 611 1825 ex
628 1775 722 1826 atonis.
748 1775 860 1843 Porrigit
883 1775 965 1845 probe
990 1779 1135 1830 comminu-

239 1869 297 1916 tum
314 1871 355 1914 ter
371 1862 404 1913 de
422 1862 466 1913 die
488 1879 503 1912 a
527 1861 654 1912 cochleari
678 1877 758 1930 parvo
782 1864 876 1914 sensim
902 1863 1019 1930 augendo
1043 1864 1135 1932 dosiu,

240 1967 323 2018 usque
340 1948 372 2000 ad
389 1947 508 2000 cochlear
524 1937 661 2015 maguum,
685 1957 713 2000 et
735 1957 844 2016 urgente
861 1951 1030 2018 necessitate,
1053 1967 1136 2022 usque

241 2033 275 2087 ad
291 2035 434 2086 cochlearia
451 2035 511 2085 duo.
530 2033 637 2086 Sensum
654 2034 774 2104 producit
796 2035 930 2088 ardentem
954 2036 984 2088 io
999 2037 1135 2104 faucibus,

240 2131 268 2176 et
285 2121 362 2174 sitim.
380 2122 555 2174 Salutio-salis
578 2122 698 2174 culinaria
722 2123 845 2174 conducit
868 2133 976 2176 externe
993 2123 1026 2177 ad
1042 2133 1138 2176 contu·

156 2191 159 2200 ¹
240 2198 369 2260 nones‘er
392 2207 573 2275 sugillationes.
598 2208 633 2258 Ut
657 2207 685 2258 iu
709 2225 776 2277 aqua
800 2208 898 2260 marina
923 2210 993 2260 omni
1018 2217 1136 2280 tempore
1170 2243 1171 2246 =

242 2289 311 2362 aegri
324 2295 472 2360 sanitatem,
491 2302 518 2345 et
534 2293 715 2348 valetudinarii
728 2293 810 2348 robur
822 2304 1027 2366 recuperarunt,
1045 2307 1135 2350 nostro

242 2399 324 2452 aquae
337 2383 447 2447 saliuae,
466 2399 532 2452 quae
549 2397 582 2433 ex
600 2380 712 2433 lontibus
725 2383 921 2452 propullulant,
940 2401 1022 2452 aeque
1035 2385 1137 2436 utiliter

240 2467 272 2518 ad
296 2467 388 2520 balnea
413 2467 575 2520 adhibentur.
601 2465 780 2531 (Soolbaoer)
807 2467 941 2520 Medicina
966 2469 1135 2524 veterinaria.

240 2555 306 2608 Usus
325 2555 370 2608 sal.
388 2573 481 2608 comm.
499 2553 649 2606 diaeteticus
667 2563 694 2607 et
710 2553 902 2624 therapeuticus
921 2555 1009 2608 bestiis
1023 2559 1138 2612 cornutis

240 2641 385 2695 domesticis
402 2643 519 2711 inprimis
543 2641 613 2694 omui
631 2659 694 2694 aevo
721 2658 802 2711 aeque
827 2641 943 2707 salutaris
968 2643 1075 2696 habitus
1092 2653 1137 2698 est.

240 2727 439 2796 suspenduntur
456 2727 596 2794 fragmenta
614 2727 671 2779 salis
687 2743 821 2794 gemmae,
845 2727 891 2779 ubi
918 2729 945 2780 in
968 2702 1076 2798 prcmhu
1101 2739 1137 2783 est

241 2813 300 2882 pilis
318 2814 441 2880 ovilium,
467 2822 498 2865 ut
522 2831 583 2867 oves
607 2833 654 2884 pro
678 2815 764 2866 lubitu
782 2832 813 2866 ea
829 2816 966 2882 lambant,
985 2827 1013 2869 et
1031 2817 1085 2870 uhi.
1096 2818 1138 2871 de·

240 2909 319 2966 sunt,
338 2900 376 2952 dr.
394 2903 419 2968 jjj
437 2919 484 2970 pro
502 2902 618 2970 qualibet
635 2903 678 2956 ovi
696 2905 753 2954 salis
771 2906 913 2956 communis
932 2906 1083 2960 canaliculis
1100 2909 1138 2959 in·

239 2994 394 3055 sparguntur
411 2985 453 3038 rel
470 2986 539 3038 solae
556 2987 598 3040 rel
615 3005 674 3038 cum
691 2989 777 3040 herbis
795 2992 940 3042 aromaticis
959 2993 1066 3046 mixtae.
1081 2994 1135 3046 lloc

240 3074 318 3152 modo
336 3083 524 3144 praecaventur
540 3092 602 3144 prae
620 3085 691 3144 peste
708 3077 738 3128 iis
756 3079 886 3145 singulari.
905 3080 1027 3144 (Fonte)
1059 3099 1137 3151 quam

240 3160 268 3212 in
285 3163 363 3232 pratis
386 3161 514 3230 paludosis
535 3163 688 3232 plerumque
711 3164 770 3214 sibi.
785 3167 949 3223 contrahunt.
975 3168 1068 3222 Pacori
1089 3171 1137 3222 bu·

241 3247 304 3300 bulo
322 3258 348 3300 et
366 3249 437 3318 equis
455 3247 516 3318 ipsis
533 3247 573 3298 bis
590 3250 631 3300 vel
649 3259 690 3302 ter
707 3251 733 3302 in
752 3251 911 3305 hebdomade
930 3255 1056 3324 manipuli
1084 3258 1138 3328 qui·

244 3335 302 3388 dam
320 3337 380 3387 salis
397 3337 517 3388 culinaria
532 3338 631 3389 utiliter
643 3338 739 3408 pabulo
752 3340 935 3395 immiscentur.
952 3346 1051 3396 Eretum
1072 3364 1139 3398 aorn-

241 3441 317 3480 muns
341 3425 370 3476 R.
392 3441 474 3496 aquae
491 3425 566 3478 calid.
586 3443 666 3482 meos.
688 3429 810 3500 jSapon.
836 3448 966 3484 commun.
985 3433 1026 3486 dr.
1049 3437 1072 3504 ji
1092 3435 1138 3489 Sal.

955 3643 969 3683 l
