2380 4154
423 285 612 339 socronunr
918 259 961 338 15

109 423 134 465 r.
156 400 204 464 Sit
223 403 377 462 universae
396 399 591 484 Reipublicae
611 401 742 463 Botevee
762 418 841 459 unns
855 393 960 460 Codex

66 500 346 574 Phermnoeuticus,
377 500 415 560 nd
435 504 519 583 cujus
538 521 674 562 normam
693 497 956 584 phmmeoentioee

67 603 204 666 officinae
225 621 327 662 omnes
347 598 547 662 instituentur.

108 724 137 764 s.
160 701 206 763 Sit
233 701 283 762 hic
314 699 419 762 Codex
437 693 683 784 Phormeoopoee
702 699 835 776 Batnon,
869 719 960 785 quem

68 800 294 864 Duodecimviri
315 798 495 883 reipublicae
515 801 663 883 gerendae
677 800 870 862 obtulerunt.

110 903 139 965 ³.
159 903 350 974 Probentur‚
370 920 445 986 ques
458 914 694 984 proposuerunt,
715 899 753 960 nd
768 898 963 962 introductio·

72 1021 141 1063 nem
159 1003 247 1082 hujus
267 999 531 1082 Pharmaoopoeee
558 1009 724 1080 spectantes
743 999 843 1082 leges,
872 1014 962 1081 etque

71 1103 191 1166 tandem
212 1098 387 1162 universnm
406 1098 466 1160 hoc
487 1097 638 1184 negotium
660 1097 782 1162 ulterius
802 1087 978 1182 exsequenffi

69 1197 436 1282 dum-illiuelinqnntur.

108 1303 157 1364 Ab
170 1320 209 1360 eo
222 1310 358 1382 tempore
368 1296 592 1360 Duodecimviri
605 1297 787 1396 remibliose
800 1297 964 1381 gerendos,

69 1413 182 1462 vocato
196 1401 225 1460 in
238 1396 393 1473 consitium
406 1399 543 1482 collegio,
564 1397 647 1481 quod
660 1399 708 1460 res‘
719 1402 850 1459 internos
863 1409 965 1471 curet,

69 1499 279 1562 confirmatam
311 1519 451 1580 supreme
480 1501 657 1563 auctoritate
688 1499 964 1580 Phesmecopoennt

72 1601 216 1660 batavam
239 1599 318 1680 typis
339 1595 561 1658 describendam
573 1635 588 1671 ‚v
610 1597 857 1681 promulgandam
878 1610 908 1656 et
928 1594 969 1656 ed

77 1715 162 1757 nsum
181 1695 336 1778 publicum
356 1695 590 1765 convertendum
609 1697 774 1780 jusserunt,
805 1695 885 1754 unde
905 1705 971 1755 tnn-
1000 1724 1003 1736 ι

73 1797 141 1858 dem
154 1810 229 1856 nntn
242 1796 289 1855 lex
303 1807 350 1855 est
364 1792 403 1858 25
415 1793 554 1859 februarii
573 1793 649 1858 1805
659 1815 767 1878 ,quae
779 1791 855 1856 calci
869 1790 971 1920 operis

71 1899 192 1981 adjectu
212 1893 441 1978 reperietur.-

108 1999 154 2060 Et
175 2017 239 2080 quo
257 1993 353 2077 magis
373 2008 533 2072 caveatur,
558 2007 595 2058 ut
613 1995 861 2082 Phermnoopoee
880 1993 971 2058 Bntn·

8 2141 10 2154 .
68 2117 132 2173 vo,
154 2093 376 2180 promisione,
400 2093 444 2158 ita
463 2097 602 2180 deinceps
623 2097 795 2182 disciplinae
816 2099 969 2160 chemicne

70 2213 163 2282 etque
185 2198 445 2280 pharmaceuticae
465 2197 555 2258 statui
568 2199 768 2282 respondent,
788 2181 972 2261 Duodecim·

69 2299 125 2361 viri
146 2309 272 2380 rogatos
297 2295 459 2359 voluerunt
485 2296 574 2381 hujus
602 2297 701 2381 operis
731 2298 905 2382 scriptores,
936 2314 972 2359 ut

69 2399 180 2480 junctis
201 2393 330 2458 sodalitii
349 2396 475 2479 viribus,
495 2395 603 2479 quovis
621 2396 762 2459 sexennio
778 2397 972 2480 appendicem

70 2497 185 2561 faciant
204 2515 307 2558 emunt
328 2515 449 2572 rerum,
479 2515 556 2579 quse
582 2499 620 2558 eb
646 2517 684 2560 eo
713 2497 783 2560 inde
812 2509 972 2580 tempore,

72 2617 135 2677 qno
169 2594 249 2654 hoec
277 2593 524 2680 Phermneopoeo
547 2595 662 2656 Batnon
689 2593 747 2656 fnit
775 2591 972 2672 introducto,

71 2693 176 2756 denno
196 2691 338 2760 inventae
351 2705 381 2780 et
393 2692 425 2753 in
444 2713 634 2757 communem
648 2714 736 2756 usum
751 2708 874 2755 vocatae
888 2707 975 2768 sunt,

74 2815 190 2878 quarm
211 2791 389 2873 reipublicae
410 2793 586 2855 Rectoribns
606 2795 855 2879 approbantibus,
875 2797 910 2874 in·
925 2795 973 2856 ln·
1068 2813 1072 2822 ’

73 2903 140 2955 cem
160 2892 277 2968 edent;
306 2889 427 2976 singulis
457 2908 559 2956 autem
591 2894 694 2977 viginti
723 2893 857 2977 quinque
888 2893 972 2958 annis
1026 2908 1033 2931 '

71 2991 176 3053 denno
209 2989 376 3052 nniversam
404 2993 482 3053 hunc
510 2992 786 3076 Pharmaoopoeem
817 2992 971 3076 redigent,

71 3106 108 3154 ut
128 3091 197 3176 pari
219 3109 334 3172 semper
353 3089 536 3154 incremento
556 3113 624 3154 oum
651 3095 853 3176 progressibus
874 3091 973 3154 scien·

71 3191 184 3254 tiorum
206 3177 561 3268 chemioernm,'codex,
581 3191 699 3277 publice
712 3191 890 3257 auctoritate
904 3215 973 3256 san·
1028 3263 1037 3282 ἱ

71 3290 173 3372 citus,
195 3308 351 3375 angeatur.
383 3315 398 3368 J

113 3395 217 3474 Atque
238 3393 314 3451 haec
334 3402 428 3472 sunt,
456 3413 534 3474 quae
563 3391 602 3453 de
621 3390 744 3454 historio
764 3390 856 3474 hujus
875 3392 972 3454 Pher·

67 3510 263 3574 ‘mocopoeee
275 3492 406 3552 Batavus
421 3491 459 3551 nd
481 3493 606 3558 lectores
626 3490 814 3576 potissimum
834 3491 973 3572 videntur
