2344 4146
243 249 290 330 ps
618 251 777 309 coaeum
808 239 814 248 '

265 367 331 422 Not.
353 370 391 422 18.
411 367 494 423 nem.
520 367 584 449 5⁶75·
606 365 670 442 dap·
687 385 754 420 suec.
779 380 804 422 et
827 368 899 438 angl.
924 366 1051 433 Aeseuik,
1079 369 1135 420 ital.

129 495 135 504 ,
238 453 381 520 Arsenico,
398 455 463 525 gall.
481 455 604 523 Arseuic;
625 453 724 523 pondre
742 473 793 506 aux
810 463 880 518 rats,
898 456 990 524 polan.
1009 455 1135 523 Amnis,

240 558 308 598 ross.
334 531 527 596 MBIttJbfflffi
566 540 737 609 (Mitschjak,
763 540 789 591 id
815 550 853 594 cst
876 542 960 610 pulvis
986 560 1035 610 pru
1057 544 1137 594 muri·

238 630 313 692 bus).
332 630 444 698 Regulus
462 629 569 682 arrenici
586 647 634 682 nec
650 647 710 690 cum
728 629 828 682 minera
845 629 958 694 cubalti,
980 647 1048 700 quae
1066 647 1135 686 urse-

238 718 327 770 uicum
344 718 477 783 continet,
506 725 535 768 et
558 717 587 768 in
609 716 748 768 Germania
772 716 820 768 sub
837 718 941 768 nominc
960 717 1135 786 Fliegenstein

238 804 402 871 divenditur,
416 821 464 856 nec
476 821 536 856 cnm
549 803 647 858 minere
660 803 756 855 cobalti
768 821 833 872 pura
846 795 1059 872 confundendus,
1074 822 1135 858 con·

237 900 290 948 stat
307 911 339 946 ex
356 893 465 948 lamellis
481 891 676 965 splendentibus
698 892 909 960 aigro-cinereis,
937 892 1054 964 pondere
1080 911 1137 964 spe·

240 983 316 1035 cilico
334 981 419 1048 8,3ro.
439 981 560 1049 andum
585 981 712 1046 arrenici,
739 980 809 1052 quod
835 981 989 1034 attractione
1016 981 1137 1052 oxygenii

238 1086 273 1136 ex
289 1069 362 1121 acido
378 1069 473 1124 ‘nitrico
490 1070 532 1122 vel
547 1088 579 1122 ex
592 1069 664 1122 acido
678 1070 813 1140 muriatico
826 1070 929 1135 oritur,
944 1069 1133 1122 vehementiori

240 1155 365 1210 credendi
381 1165 488 1224 natura,
507 1155 621 1208 chemica
639 1157 765 1208 affinitate
783 1157 889 1227 aliisque
906 1156 1039 1222 attributis
1058 1156 1136 1225 longe

238 1243 272 1296 ab
290 1243 403 1312 oxydulo
421 1243 496 1310 hujus
513 1243 611 1296 metalli
629 1243 724 1296 dillert.
744 1243 848 1296 Pondus
865 1243 1013 1314 specificam
1027 1243 1135 1311 oxyduli

238 1340 278 1386 est
295 1331 472 1399 4,ooo-3,oou.
491 1332 580 1384 Partes
598 1330 631 1398 24
648 1348 729 1402 aquae
747 1330 852 1398 frigidae
869 1331 901 1382 ad
919 1329 1027 1397 madum
1048 1331 1073 1382 X
1086 1330 1135 1382 Th.

238 1419 272 1472 ll.
285 1419 390 1472 solvunt
402 1426 503 1487 partem
516 1435 610 1482 unam,
624 1426 651 1469 et
663 1427 748 1487 partes
765 1418 794 1468 15
808 1417 919 1470 fervidae
932 1415 1040 1470 eandem
1055 1433 1137 1486 quan·

237 1506 351 1560 titatem.
371 1506 403 1557 80
420 1513 506 1574 partes
523 1505 627 1574 spiritus
644 1506 699 1558 vini
716 1504 808 1558 terridi
824 1505 953 1573 recipiunt
970 1520 1059 1574 unam.
1084 1503 1137 1554 Na·

239 1601 300 1648 ture
317 1593 394 1670 allent
411 1594 553 1646 arsenicum
567 1611 626 1664 cum
638 1593 761 1664 sulphure
774 1593 843 1646 varie
857 1596 1040 1660 conjunctum,
1061 1595 1136 1644 auoi-
1160 1647 1163 1654 Α

237 1681 396 1752 pigmentum
414 1681 511 1734 scilicet
528 1689 555 1734 et
571 1682 684 1752 malgor.
704 1682 778 1734 Prius
795 1680 912 1733 continet
925 1697 1021 1732 nouam
1034 1689 1136 1750 partem

239 1767 386 1838 sulphuris,
415 1777 443 1820 et
464 1775 588 1820 centenae
605 1775 691 1836 partes
708 1766 856 1835 posterioris
878 1766 1042 1816 constituunt
1059 1766 1137 1833 oxydi

240 1853 347 1906 arsenici
364 1863 450 1922 partes
463 1852 496 1920 84
514 1862 541 1906 et
553 1853 682 1923 sulphuris
699 1861 784 1922 partes
801 1853 839 1904 16.
854 1852 964 1904 Nomine
978 1849 1137 1906 Susidarach

240 1943 393 2010 insignitur,
412 1942 433 1992 si
451 1950 497 1996 aut
513 1944 600 1994 natira
617 1959 662 1994 sua
678 1941 783 2005 indole,
801 1947 846 1998 aut
863 1940 916 1992 leni
933 1941 991 2008 igne
1006 1949 1093 1992 ustum
1108 1941 1136 1992 in

205 2015 207 2018 ¹
241 2027 365 2082 ruborem
382 2029 473 2096 vergit.
500 2019 655 2082 Arsenicum
680 2029 805 2094 rubrum,
830 2029 937 2081 materia
963 2029 1074 2096 pictoria
1099 2039 1138 2082 sat

240 2123 319 2184 nota,
345 2124 385 2168 est
410 2115 579 2182 antefactum,
605 2116 676 2191 quod
694 2136 708 2168 a
724 2118 838 2186 realgare
865 2116 951 2168 differt
974 2118 1066 2183 majori
1084 2119 1137 2168 sul-

239 2201 330 2278 phuris
348 2203 421 2272 copia
439 2210 466 2253 et
483 2203 586 2255 arctiori
604 2203 764 2257 cohaesione.
787 2203 904 2254 Pertinet
927 2202 958 2254 ad
981 2202 1047 2256 haec
1062 2221 1138 2274 prae-

240 2295 345 2366 parata:
364 2288 519 2339 Arsenicum
536 2289 678 2354 cirninum,
699 2288 768 2360 quod
786 2288 967 2340 sublimatione
985 2306 1044 2340 cum
1058 2307 1137 2358 parca

243 2374 373 2446 sulphuris
399 2375 544 2446 quantitate
569 2376 730 2446 producitur.
766 2377 919 2430 Arsenicum
936 2375 1045 2446 fixum,
1080 2395 1139 2448 pes·

242 2461 336 2518 dmum
348 2472 546 2534 praeparatum,
560 2465 591 2518 fit
605 2465 786 2532 deflagratioue
799 2464 907 2516 arrenici
920 2463 971 2514 albi
985 2481 1045 2514 cum
1059 2466 1138 2518 nitro·

245 2533 296 2602 Vis
313 2560 340 2605 et
363 2553 489 2621 effectus:
515 2551 698 2604 Confitendum
715 2569 790 2618 sanc,
815 2553 975 2616 arsenicum,
998 2551 1138 2605 vehemen-

243 2639 300 2705 tia,
318 2657 370 2711 qua
386 2642 454 2695 vitae
471 2641 599 2702 humanae
615 2641 766 2706 minitatur,
785 2641 903 2696 omnibus
916 2639 1052 2708 remediis,
1071 2660 1137 2714 quae

244 2728 351 2779 materia
367 2728 466 2779 medica
483 2727 575 2793 offert,
600 2727 716 2798 praeire,
743 2731 847 2798 ejusque
871 2747 945 2780 usum
969 2729 1085 2782 maxima
1101 2739 1137 2782 st·

243 2814 361 2866 tentione
378 2822 405 2865 et
421 2815 650 2884 circumspectione
666 2813 842 2884 dignissimum
858 2815 921 2870 esse
944 2815 1000 2869 Nec
1018 2818 1080 2872 ideo
1097 2819 1137 2872 hic

243 2902 359 2972 plenarie
372 2903 603 2971 perhorrescendus
615 2912 668 2970 est,
681 2913 712 2956 ut
725 2921 757 2957 ex
770 2906 944 2957 recentiorum
957 2905 1136 2970 medicorum,

243 2986 291 3062 qui
302 2991 368 3044 bina
380 2993 528 3059 excellunt,
545 2993 693 3046 testimonio
706 2994 766 3046 satis
779 2993 850 3046 fideli
863 3001 984 3063 apparet,
1001 3009 1052 3046 uec
1072 2995 1137 3046 ullus

243 3077 321 3132 hodie
337 3081 464 3134 sententie
481 3079 592 3145 sutus,
620 3080 743 3154 principis
769 3081 884 3151 alioquin
913 3081 982 3134 inter
1005 3097 1140 3148 gnunauos

244 3166 352 3234 medici,
376 3167 441 3220 illud
462 3168 605 3222 remedium
621 3168 733 3237 probum
756 3168 818 3221 artis
835 3169 1004 3238 professorem
1022 3185 1079 3222 non
1098 3170 1140 3220 de·

244 3272 317 3324 cere,
335 3255 368 3307 ab
385 3273 416 3324 eo
433 3257 539 3312 retineri
556 3259 660 3325 poterit.
692 3256 863 3312 ninuussima
879 3257 965 3327 portio
984 3257 1099 3310 manici
1115 3259 1140 3308 iu

244 3345 327 3401 forma
345 3345 458 3416 pulveris
475 3345 534 3414 ipsis
552 3342 646 3395 adultis
663 3343 751 3398 attulit
768 3349 866 3400 necem.
885 3348 983 3396 Morere
1001 3345 1075 3397 enim
1089 3362 1139 3398 me·

244 3441 329 3486 morat
342 3411 544 3494 obsecrationem
559 3431 676 3500 Durati,
694 3429 787 3484 medici
800 3431 971 3498 londinemis,
990 3431 1038 3504 qui
1050 3435 1139 3488 virum
