2380 4154
252 251 297 327 1'8
408 267 413 295 ‘
582 274 774 324 snrrrrrro

235 390 410 452 emendatae
441 409 457 448 a
478 387 564 450 nobis
583 391 829 473 praeparatione}
847 404 934 452 natae
956 405 1024 452 sunt
1045 389 1135 453 com·

160 539 164 546 .
236 490 354 573 plures,
385 511 445 550 non
475 487 636 551 innovandi
662 489 826 571 cupiditate
840 533 848 563 ,
879 489 930 550 sed
959 490 1041 568 solo,
1079 505 1139 552 aut

234 585 475 669 aegrotantium,
496 598 548 647 aut
569 588 878 683 pharmacopoeorum
899 589 1061 649 commodo
1083 586 1137 650 in·

235 685 327 747 citati.
348 685 424 746 Hinc
446 696 476 745 et
497 686 604 746 multas
625 689 832 746 renovationes
848 707 865 745 a
881 685 966 746 variis
987 686 1136 750 chemicis

217 768 417 868 propositas,
438 800 468 845 et
487 783 517 843 in
534 783 659 859 aliarum
673 783 829 865 regionum
844 783 1070 868 Dispensatoria
1085 808 1138 848 re·

233 899 356 968 captas,
374 905 435 946 non
456 883 652 960 admisimus,
681 895 786 964 utpote
808 882 993 946 medicorum
1015 900 1046 945 et
1067 886 1136 947 chi-

232 1005 391 1066 rurgorum
413 981 590 1064 experientia
604 983 699 1042 minus
715 983 864 1064 probatas,
878 985 943 1042 Non
958 984 1038 1044 enim
1053 1007 1136 1046 sem-

231 1104 287 1166 per
308 1081 372 1165 pari
391 1103 477 1163 passu
499 1081 652 1168 ambulapt
682 1080 810 1143 inanima
840 1083 966 1144 remedii
994 1083 1133 1166 puritas,

233 1181 416 1264 parandique
445 1181 520 1239 ratio
551 1177 698 1261 exquisita
727 1181 765 1238 ad
787 1177 914 1262 optimas
934 1180 1069 1242 chemiae
1092 1183 1134 1244 le-

233 1293 353 1362 ges,'et
372 1277 449 1339 illius
471 1281 512 1339 vis
533 1279 687 1340 medicata.
710 1280 807 1363 Saepe
828 1279 860 1340 in
879 1279 931 1355 iis,
952 1303 1029 1363 quae
1043 1273 1134 1346 nobis

147 1406 151 1417 ·
209 1367 331 1464 ¹exigui
352 1378 491 1452 videntur
512 1398 575 1438 esse
596 1381 739 1439 momenti
764 1377 799 1450 jn
821 1381 1020 1470 remediorum
1040 1403 1135 1464 praee

207 1480 412 1566 paratione,
438 1477 526 1553 imo,
548 1499 624 1560 quae
647 1481 716 1538 artis
737 1478 871 1540 chemise
893 1480 1058 1562 praeceptis
1080 1505 1136 1564 pa·

232 1601 302 1640 rum
323 1592 510 1660 congruunt,
532 1575 694 1636 maximum
716 1576 806 1638 situm
827 1579 872 1638 est
892 1579 1133 1640 emolumentum

232 1679 265 1741 in
285 1678 459 1738 morborum
480 1675 648 1750 curatione,
677 1674 755 1736 licet
775 1698 830 1738 nos
852 1677 924 1737 illud
944 1675 1064 1759 ingenio
1085 1699 1133 1740 as·

233 1778 320 1860 sequi
341 1799 459 1860 semper
478 1777 559 1838 haud
575 1771 739 1838 valeamus,
754 1776 831 1838 Hinc
852 1789 883 1837 et
897 1776 967 1851 illa,
988 1799 1067 1858 quae
1082 1801 1133 1839 en·

232 1893 350 1942 ternam
371 1877 562 1960 elegantiam,
589 1875 798 1958 crystallorum
819 1877 997 1958 exquisitam
1017 1899 1130 1939 conve-

233 1979 375 2042 nientiam
398 1989 428 2038 et
449 1976 602 2052 ordinem,
624 1978 756 2037 colorem
778 1989 808 2037 et
830 1977 885 2037 alia
900 1978 989 2060 hujus
1011 1979 1131 2059 generis

234 2092 389 2162 spectant,
411 2077 517 2156 quibus
539 2072 677 2139 imbecilli
692 2072 780 2135 animi
800 2075 1001 2150 delectantur,
1022 2080 1130 2159 parum

235 2183 422 2248 curavimus,
443 2173 466 2239 si
487 2173 618 2248 virtutis,
639 2173 707 2234 inde
728 2175 804 2235 sorte
819 2175 1061 2252 imminuendae,
1083 2179 1130 2238 vel

210 2281 214 2294 '
235 2274 357 2340 minima
377 2275 461 2334 nobis
483 2273 664 2332 suboriretur
684 2272 824 2354 suspicio.
932 2335 934 2338 ,

276 2377 378 2452 Quam
400 2370 505 2453 optimi
526 2392 562 2431 ex
582 2370 793 2432 recentioribus
806 2372 901 2453 iisque
915 2374 1130 2456 probatissimis

236 2477 274 2537 de
296 2494 328 2535 re
348 2474 588 2556 pharmaceutica
610 2485 746 2532 auctores
766 2473 798 2533 in
820 2474 1006 2556 technologia
1032 2475 1130 2534 medi-

235 2584 461 2645 camentorum,
482 2585 518 2630 ut
539 2570 698 2653 plurimum
714 2576 967 2653 compositorum,
987 2573 1132 2634 reforma·

215 2675 347 2738 -tionem
368 2671 518 2733 instituere
539 2669 738 2752 inceperunt,
760 2673 837 2731 hanc
857 2694 911 2734 nos
933 2671 1055 2734 ulterius
1078 2693 1131 2734 ex·
1182 2661 1183 2666 ἵ

237 2774 392 2836 colendam
415 2793 477 2831 esse
498 2770 668 2832 consultum
689 2771 837 2833 duximus.

277 2874 342 2932 Non
357 2881 400 2930 est
415 2868 533 2946 multis,
556 2868 731 2950 opinamur,
752 2871 950 2950 probandum,
972 2869 1129 2932 nominum

239 2967 354 3030 fallacia
376 2966 531 3027 historiam
551 2986 652 3025 rerum
673 2967 764 3027 etiam
785 2967 1006 3028 medicinalium
1027 2968 1133 3030 incon·

239 3080 367 3128 stantem
388 3077 478 3146 atque
507 3068 647 3124 incertam
679 3063 825 3125 redditam
847 3086 946 3140 esse,¹
962 3087 1018 3128 acc
1043 3068 1132 3147 parvi

238 3163 325 3247 pretii
346 3183 408 3224 esse
430 3160 689 3234 emolumentum,
710 3163 792 3243 quod
806 3183 843 3224 ex
862 3163 1068 3244 technolugia,
1092 3165 1132 3225 ad

240 3278 322 3355 certa
341 3260 489 3344 principia
510 3260 691 3332 reformata,
721 3260 791 3321 inde
821 3264 859 3322 ab
883 3260 1046 3322 immortali
1066 3267 1132 3326 La·

241 3379 393 3422 vorstaaro
407 3361 445 3418 ad
457 3355 638 3438 disciplinam
654 3357 817 3418 chemicam
833 3359 1060 3432 redundaverit:
1079 3377 1134 3422 aut

242 3479 304 3522 esse
334 3457 431 3519 minus
454 3458 612 3540 spectabile
634 3456 701 3518 inde
722 3457 907 3539 proficiscens
936 3461 1133 3522 commodum
