2354 4148
308 263 351 308 ex
378 263 495 322 nanno
521 261 673 312 aurnum
867 242 933 314 311

31 386 128 430 aarum
146 375 302 444 unguinosis.
325 377 370 428 Vis
388 377 520 442 nutriens,
538 377 678 428 emolliens.
706 377 773 428 Usus
789 377 941 445 praecipuus

33 463 201 516 diaetetieus.
222 466 350 527 Butyrum
369 462 613 539 herennianum,
634 464 663 515 ll.
680 472 731 530 rut.
751 465 863 530 graveol.
878 465 940 518 salv.

31 569 84 602 aua
102 551 199 620 manip.
217 553 244 617 jjj
263 569 334 601 eone.
353 552 422 602 mise.
442 552 469 602 in
488 567 564 601 urceo
582 549 682 620 lapideo
701 568 856 602 numerem.
875 551 935 602 lact.

33 639 106 690 dulc.
126 655 205 690 mens.
219 639 253 705 jjj.
269 639 436 708 lleponanlur
449 656 494 708 per
507 637 582 689 horas
596 638 644 704 24,
663 637 722 688 dein
735 637 858 702 butyrum
873 655 934 702 eon-
973 657 978 661 ·
1030 627 1033 636 ¹

32 727 155 792 ficiatur,
174 732 204 778 ut
221 744 309 778 omnes
327 725 430 791 sciunt,
455 744 503 794 per
525 725 634 776 linteum
661 724 828 793 exprimendo
853 733 939 776 trans·

29 813 202 865 mittendum.
222 813 392 864 Pulmonariis
409 813 468 882 pani
487 813 581 862 illitum
595 811 719 881 profuisse
738 811 836 864 dicitur
855 815 939 876 (lief-

30 901 107 962 λεν).
130 901 289 970 ἂιῑαρὶαειηα
307 901 431 952 emolliens
448 903 481 952 D.
499 897 576 953 Fuld.
601 901 629 952 ll.
654 902 734 951 micae
759 902 831 969 panis
857 895 938 966 siligi-

29 989 78 1041 nei
93 1007 156 1040 unc.
164 987 212 1055 ijj
223 988 310 1056 butyri
322 989 411 1038 insulsi
424 997 520 1039 recent.
532 1006 588 1038 unc.
596 989 614 1055 jj
624 989 681 1037 lact.
697 987 796 1038 vaccini
806 1004 864 1038 uno.
876 986 931 1054 vjjj

28 1095 115 1146 coqu.
134 1076 245 1126 invicem
262 1073 294 1125 ad
316 1075 507 1126 consistentiam
530 1075 725 1143 cataplasmatis.
754 1075 860 1124 llelanat
887 1074 937 1125 hoc

32 1163 193 1232 cataplasma
210 1171 322 1213 tumores
340 1162 525 1228 inflammatos,
544 1179 586 1214 eos
605 1171 656 1214 tam
676 1163 707 1213 ael
733 1163 936 1226 resolutionem,

34 1267 118 1322 quam
136 1248 170 1300 ad
187 1249 401 1316 maturationem,
419 1267 479 1302 cum
497 1250 588 1306 evitari
607 1258 734 1330 nequeat,
754 1250 865 1301 suaviter
884 1247 936 1300 dis-

34 1353 150 1408 ponens.

37 1503 296 1566 essenorum
317 1500 488 1562 cnorum

77 1599 245 1684 concon
267 1623 468 1694 sannaus

76 1780 289 1844 Denticulatae
309 1782 452 1866 forcipes,
473 1803 525 1844 seu
546 1782 739 1846 articulorum
756 1783 936 1844 anteriorum

40 1895 140 1968 portes
164 1893 327 1943 extremae.
346 1911 349 1918 ¹

67 2025 132 2078 Not.
152 2022 208 2091 3¹9
239 2023 320 2074 Germ.
348 2021 588 2090 Kreebsseheeren,
615 2024 680 2094 belg.
708 2022 937 2088 Kreellsehaaren,

33 2109 108 2180 «ngl-
127 2107 200 2158 Claw
217 2107 274 2159 ola
291 2107 368 2170 crab,
387 2109 450 2177 gall
469 2110 548 2162 Patte
569 2109 733 2162 d’eorsvnse.
757 2111 816 2162 Non
840 2111 935 2176 video,

36 2214 90 2266 qua
109 2195 143 2246 de
161 2211 236 2245 causa
254 2211 403 2245 cancrorum
429 2195 516 2248 chelae
542 2197 574 2248 ad
598 2197 713 2248 officinas
740 2195 938 2262 admittuntur,

35 2299 132 2335 eorum
151 2281 278 2350 lapidibus
292 2283 408 2350 receptis.
430 2283 547 2335 Cosaclcae
559 2297 700 2336 ostrearum
719 2292 810 2353 (germ.
825 2284 942 2339 Auster·-

32 2369 146 2422 clraalen
156 2403 165 2431 ,
184 2368 248 2438 belg.
268 2368 458 2437 Oesterschulp,
476 2371 547 2439 angl.
566 2369 660 2436 Oyster
676 2367 757 2435 shall,
775 2371 840 2439 gall.
858 2367 937 2422 e‘cail-

35 2460 72 2511 les
91 2458 139 2508 elea
157 2455 275 2520 huitres)
294 2447 374 2507 instar
391 2458 506 2508 omnium
519 2458 671 2526 simplicium
684 2459 860 2509 calcaneorum
873 2475 936 2508 eon-

33 2544 146 2597 siderari
163 2551 277 2612 possunt.
296 2543 379 2594 Parae
397 2552 457 2593 sunt
475 2553 501 2594 et
518 2545 596 2594 nullis
614 2545 744 2612 particulis
757 2544 935 2610 heterogeneis

34 2634 200 2704 inquinatae.
219 2630 328 2682 Corallis
346 2630 440 2695 rubra,
459 2639 486 2681 ct
503 2632 575 2696 alva,
594 2639 675 2695 testae
692 2647 818 2695 ovorum,
836 2641 863 2682 et
882 2631 936 2681 lor»-

32 2737 99 2787 rago
117 2719 241 2770 similium
258 2716 382 2770 oblivioni
398 2717 541 2770 tradantur.
562 2718 608 2770 Vis
625 2718 769 2770 absorbens.
801 2720 884 2771 Urusa
912 2719 939 2769 in

34 2807 110 2859 sodo.

34 2991 297 3055 CANCRORUM
329 2989 518 3070 LAPIDES,
551 3011 655 3051 vacco
687 2989 938 3052 CANGRORUM

123 3093 262 3154 OCULl.

74 3213 247 3275 ,CANCEll
268 3209 462 3274 ASTACUS.

76 3371 190 3455 Lapilli
210 3375 350 3433 crustaeei
371 3369 511 3432 calcariae
534 3371 654 3447 indolis,
676 3371 714 3431 ad
745 3353 938 3438 ventriculum

31 3495 218 3538 cancrorum
239 3472 427 3536 fluviatilium
448 3477 597 3554 generati,
618 3473 709 3554 duri,
743 3470 825 3549 albi,
855 3471 937 3534 orbi·
