2380 4154
247 221 293 316 td
590 236 783 292 ranacario

235 331 496 438 consideratione,
525 381 585 441 qua
606 357 767 438 cautione,
797 376 835 430 ne
865 371 979 418 temere
1006 357 1045 416 ab
1066 353 1130 416 aliis
1178 345 1179 348 ¹

235 457 390 544 proposita
410 473 633 520 assumerentur
653 457 702 520 vel
723 457 936 542 rejicerentur,
969 466 1045 536 quot
1073 453 1130 514 de·

233 560 325 643 nique
346 557 557 642 experimentis
577 555 765 619 instituendis
786 568 877 639 atque
898 554 1038 616 iterandis
1054 575 1132 636 opus

232 661 332 724 suerit.
352 663 470 722 Moram
490 663 579 722 etiam
599 661 646 718 hic
667 654 801 720 fecerant
818 658 965 739 disjuncta
979 655 1132 718 sociorum

233 759 380 825 habitatio
401 771 433 820 et
452 758 686 839 uniuscujusque
708 755 859 833 muneris,
887 754 939 818 cui
969 754 1053 817 domi
1074 777 1132 820 va·

233 861 375 921 cebamus
391 905 401 939 ,
423 855 625 940 frequentiora
645 856 774 939 negotia.
972 927 974 934 y

273 964 340 1026 Non
360 959 478 1021 interim
500 980 676 1042 possumus,
711 957 783 1040 quin
802 971 890 1040 ¹grato
912 955 1013 1018 animo
1035 977 1132 1040 agno·

234 1083 368 1138 scamus,
389 1058 462 1120 nihil
483 1057 626 1132 subsidii,
647 1057 739 1145 nibil,
760 1080 822 1139 quo
842 1039 1067 1138 indigeremus,
1092 1059 1132 1118 ad
1178 1047 1179 1052 ἵ

213 1164 369 1223 'laborem
389 1159 508 1243 penitus
529 1159 769 1240 exsequendum,
802 1157 953 1219 commodi
974 1157 1059 1218 nobis
1081 1159 1134 1218 de·

232 1261 423 1323 siderandum
452 1259 631 1342 reliquisse,
667 1277 735 1320 curn
765 1256 977 1340 amplissimum
1008 1261 1046 1318 T.
1068 1280 1131 1318 var

231 1361 385 1440 Koornr,
420 1373 485 1420 tum
513 1356 610 1418 virum
632 1354 846 1439 amplissimum
866 1357 1014 1418 Joaurnrr
1046 1357 1133 1416 Harr-

235 1480 335 1522 mcum
363 1476 422 1518 van
448 1478 509 1518 nnn
535 1457 641 1531 Petu,
673 1464 894 1529 successorem,
928 1476 1007 1516 anno
1040 1477 1133 1539 ¹799·

234 1562 406 1622 Turonono
433 1578 496 1618 ran
517 1557 647 1619 Koornr
675 1556 805 1630 datum,
835 1556 1005 1638 adjutorem
1034 1557 1135 1618 nostri

234 1658 345 1720 laboris
366 1655 495 1718 amicum
516 1660 645 1740 pariter,
665 1676 701 1715 ac
722 1655 922 1734 indefessum,
953 1670 1018 1716 tum
1040 1659 1134 1718 etiam

235 1759 422 1820 Triumviros
444 1755 586 1839 Collegii,
607 1756 690 1838 quod
704 1777 757 1836 res,
771 1755 903 1816 internas
922 1756 1012 1837 hujus
1033 1755 1134 1838 reipu-

234 1858 331 1921 blicae
353 1873 457 1930 curat,
477 1861 539 1930 cui,
557 1877 637 1948 anno
664 1856 734 1918 1801
760 1858 946 1932 constituto,
977 1855 1133 1937 omnium,

231 1978 363 2040 quorum
394 1978 466 2015 cura
499 1955 539 2016 ad
568 1955 756 2016 Praefectum
782 1953 971 2015 institutionis
993 1953 1134 2040 publicae

234 2071 322 2118 antea
343 2053 536 2137 pertinebat,
556 2069 624 2136 post
644 2053 816 2114 concredita
837 2068 883 2115 est
904 2052 1134 2117 administratio.

231 2197 232 2202 κ
276 2154 327 2216 Sic
348 2153 462 2216 liberali
483 2175 641 2236 procerum
662 2155 763 2214 favore
778 2169 868 2236 atque
886 2153 996 2214 auxilio
1012 2155 1134 2216 tandem

235 2275 327 2338 penso
340 2254 505 2330 absoluto,
526 2252 674 2330 defuncti,
696 2253 777 2334 quod
799 2254 881 2313 nobis
903 2252 1036 2312 oblatum
1057 2253 1134 2330 fuit,

234 2347 379 2432 munere,
401 2353 574 2415 solemniter
594 2353 643 2414 die
663 2353 698 2414 18
712 2351 855 2413 februarii
876 2353 951 2415 1803
966 2353 997 2412 in
1012 2351 1136 2413 Trium-

237 2453 368 2515 rirorum
382 2454 494 2514 dictum
510 2452 670 2515 concilium
693 2455 986 2536 Pharmacopoearn,
1006 2474 1024 2511 a
1043 2453 1135 2515 nobis

239 2541 454 2636 conscriptam,
477 2553 647 2616 detulimus.

279 2656 365 2715 Hanc
386 2655 545 2716 Triumviri
567 2657 765 2738 approbantes
779 2654 1017 2717 Duodecimviris
1037 2655 1139 2740 reipu-

239 2751 336 2814 blicae
370 2753 516 2833 gerendae
546 2752 714 2832 miserunt,
748 2755 906 2816 suadentes
934 2756 1032 2836 legem
1062 2777 1137 2838 pro·

242 2852 455 2934 mulgandam,
489 2852 527 2913 nd
553 2875 643 2934 quarn
664 2853 739 2914 baec
759 2855 1004 2937 Pharmacopnea
1024 2855 1138 2916 Batava
1178 2879 1179 2886 ¹

243 2953 282 3012 ad
302 2973 391 3012 usum
410 2950 564 3035 publicum
585 2968 686 3034 posset
706 2952 860 3015 introduci.
888 2952 1140 3031 Duodecimviri,

241 3049 399 3134 proposito
420 3066 583 3112 annuentes
604 3052 745 3138 formulas
765 3073 834 3114 cum
854 3053 1140 3134 Pharmacopoeae,

244 3163 310 3212 turn
331 3149 403 3232 legis
425 3150 582 3227 ferendae,
608 3174 676 3213 cum
700 3153 813 3213 Senatu
833 3154 862 3212 in
882 3154 978 3234 patria
1000 3173 1140 3226 summo,

241 3271 333 3334 penes
354 3273 443 3333 quem
465 3267 595 3335 potestas
615 3237 796 3334 legislatoris
816 3261 879 3326 est,
898 3250 1142 3312 communicare·

242 3365 331 3431 runt,
352 3365 386 3412 ut
405 3352 496 3413 vellet
516 3351 580 3412 illas
601 3351 780 3412 auctoritate
800 3372 856 3412 sun
876 3353 996 3412 sancire.
1024 3350 1140 3412 Habito

243 3470 334 3532 quam
355 3449 484 3531 primum
505 3448 627 3510 consilio
648 3447 694 3510 bis
722 3449 894 3530 proceribus
923 3446 1053 3532 placuit,
1085 3448 1142 3510 de·

246 3561 329 3610 creto
350 3547 411 3610 diei
432 3569 471 3630 29
489 3546 556 3630 julii
581 3547 655 3610 1803
676 3558 827 3610 statuere:
862 3623 864 3628 Ι
