2404 4156
417 203 605 258 sucronurr
904 177 952 254 23

54 317 278 402 propinandum
306 317 401 402 possit
431 317 585 382 admoveri
613 317 701 402 longe
729 315 831 397 aliud,
862 335 953 400 wem

55 421 143 503 quod
164 419 220 502 ipsi
240 421 371 496 dandum
392 418 498 483 velint.

100 522 136 580 ln
157 520 265 582 horum
283 518 456 585 clinicorum
478 531 508 582 et
527 519 824 604 pharmacopolamm
834 566 845 596 ,
865 519 955 584 etiam

55 619 193 682 chemim
215 619 388 682 recentioris
420 622 555 683 nondum
585 623 662 684 forte
684 624 755 684 satis
776 627 960 705 peritorum,

55 721 184 810 gratiam
206 734 326 804 praeter
345 743 480 796 novum,
504 722 635 801 indolem
655 725 861 786 medicamenti
883 723 956 802 indi·
1007 711 1012 729 ’

57 833 197 898 cantem,
219 825 357 896 titulum,
386 844 448 886 non
468 833 586 885 tanturn
607 843 776 907 synonyma
796 821 956 905 adjecimus

57 926 241 1004 praecipua,
275 923 384 1005 quibus
413 927 443 983 in
473 921 683 1005 probatissimis
712 921 954 1006 pharmaceuticia
1034 915 1039 938 '

59 1021 214 1084 codicibus
236 1021 448 1106 designantur,
469 1045 575 1086 verum
603 1026 691 1086 etiam
718 1021 795 1084 linea
816 1023 954 1104 singulari

56 1111 189 1201 nomen,
223 1121 306 1201 quod
335 1120 365 1182 in
395 1122 645 1205 Pharmacopoeis
670 1120 794 1204 Belgicis
824 1121 956 1204 inprimis

57 1221 172 1284 triviale
193 1223 314 1294 existit,
328 1231 425 1302 ,atque
446 1242 518 1283 usus
538 1220 691 1282 notissimi.

99 1321 225 1382 Praeter
245 1320 318 1380 baec
341 1341 507 1404 synonyma
537 1323 690 1383 usitatiora
718 1311 879 1401 adjecimus
907 1317 957 1380 illa

59 1422 97 1484 ad
118 1419 235 1502 singula
255 1421 487 1500 medicamenta,
516 1422 615 1504 qualia
642 1425 672 1482 in
702 1435 833 1502 quatuor
862 1419 957 1482 Phar·

59 1523 233 1603 macopoeis
262 1520 536 1602 praestantissimis,
567 1543 645 1602 quae
666 1525 773 1582 merito
801 1542 859 1580 usu
885 1538 957 1601 prae

59 1617 182 1702 reliquis
210 1622 287 1680 inter
318 1631 466 1681 nostrates
496 1621 707 1699 invaluerunt,-
738 1614 959 1698 Edinburgensi

58 1719 218 1798 videlicet,
239 1720 437 1797 Londinensi‚
463 1721 732 1782 Amstelodamensi
752 1731 782 1780 et
801 1705 957 1780 Borussicu'

60 1833 230 1884 occurrunt.
264 1819 390 1899 Quoties
422 1809 495 1882 haec
525 1839 689 1904 synonyma
710 1820 757 1882 vel
777 1819 920 1880 recedunt
939 1840 958 1878 a

59 1921 347 1984 medicamentorum
369 1922 453 1996 titulo
474 1932 577 1982 nostro
598 1919 761 2000 primario,
788 1920 836 1982 vel
866 1921 956 1981 etiarn

60 2021 192 2099 triviali,
213 2021 302 2084 toties
324 2021 373 2082 illa
394 2020 498 2082 litteris
518 2019 675 2082 initialibus
689 2022 728 2082 E.
741 2023 776 2081 L.
792 2024 828 2080 Α.
850 2029 880 2078 et
899 2021 954 2091 B.,

60 2122 272 2195 indicavimus,
299 2138 333 2182 ut
364 2143 495 2203 quanam
522 2121 554 2182 in
580 2122 824 2203 Pharmacopoea
848 2139 956 2180 unum·

60 2223 201 2304 quodque
223 2219 376 2301 occurrat,
394 2221 557 2305 inspicienti
578 2232 689 2302 pateat.
721 2259 737 2274 a

99 2322 363 2384 Nomenclaturam
385 2324 589 2400 emendatam,
619 2323 658 2383 ad
678 2320 841 2403 composita
862 2322 956 2384 medi·

60 2435 199 2496 cementa
219 2419 398 2501 adhibitam,
410 2443 417 2468 ³
429 2422 466 2483 ad
496 2444 584 2483 usum
612 2440 732 2504 quoque
754 2425 897 2483 vertimus
917 2420 957 2482 ad

59 2542 187 2604 corpora
206 2518 237 2579 in
259 2513 381 2582 materia
394 2509 633 2604 pliarmaceutica
645 2521 762 2601 relata,
785 2521 874 2601 vulgo
889 2523 956 2601 sim·

61 2622 146 2704 plicia
166 2621 266 2696 dicta,
299 2636 445 2702 quantum
474 2622 632 2683 commode
661 2621 725 2682 fieri
745 2623 866 2704 potuit,
898 2619 956 2680 hoc

62 2736 126 2800 est,
146 2719 188 2780 ad
207 2742 332 2802 corpora
344 2742 387 2781 cx
407 2742 498 2802 regno
518 2718 627 2782 Fossili
640 2721 825 2782 desumenda
839 2731 870 2780 et
883 2740 957 2780 non·

61 2821 140 2882 nulla
161 2843 200 2882 ex
221 2819 340 2902 reliquis
370 2819 467 2901 regnis
493 2821 705 2902 praeparanda.
736 2817 956 2901 Vegetabilium

63 2932 163 2982 autem
185 2918 308 3014 norpina
327 2907 506 3008 intollicinis
526 2917 654 2998 usitata,
684 2919 839 2982 officinalis
862 2918 956 2993 dicta,

61 3008 263 3098 retinuimud',
293 3040 348 3080 nec
366 3041 445 3080 :cum
466 3019 633 3082 nominibus
653 3041 671 3080 e
691 3031 851 3103 systemate
869 3021 957 3080 bota·

64 3125 127 3182 nico
148 3119 340 3182 desumendis
361 3120 606 3202 permutavimus.
640 3123 708 3183 Non
737 3119 816 3181 enim
837 3142 891 3202 par
911 3131 957 3182 est

64 3219 235 3298 mutationis
256 3217 453 3296 instituendae
474 3216 559 3279 ratio.
580 3221 695 3280 Nomen
715 3219 886 3304 botanicum
905 3221 957 3280 vix

63 3316 229 3379 accuratius
243 3317 387 3399 significat
402 3316 542 3398 plantam,
556 3318 594 3378 de
609 3340 669 3399 qua
683 3321 789 3400 agitur,
799 3339 891 3399 quam
905 3317 955 3394 id,

61 3419 143 3506 quod
164 3417 310 3482 usitatum
332 3428 398 3500 est,
417 3418 572 3500 multoque
592 3421 708 3498 minus,
736 3419 783 3482 vel
803 3416 953 3502 quidpiam
