2380 4154
407 285 622 337 rnooanrnn
900 257 949 360 39

94 403 301 486 celeberrimo
321 402 476 464 Parisiensi
501 403 635 464 chemino
655 402 784 476 Brund,
808 419 898 482 mem
919 398 951 460 in

55 503 238 566 conficiendo
248 512 352 562 nostro
362 500 559 562 instrumento
570 497 665 561 usuali
679 497 812 582 proxime
825 512 953 579 sequen·

55 607 127 667 dum
149 622 215 664 esse
235 599 418 674 censuimus,
438 599 502 662 laus
522 599 663 674 debetur,
683 599 765 681 quod
778 595 892 681 primus
905 617 954 658 ra·

55 704 170 766 tionem
191 705 380 784 proposuerit
399 698 569 762 inveniendi
589 700 668 777 dno,
698 696 794 760 ubivis
815 717 849 758 ac
869 695 954 758 facila

57 801 210 876 notanda,
241 813 372 882 puncta,
395 799 465 880 fixa
480 797 588 872 dieta,
619 819 637 858 a
657 797 775 878 quibua¹
787 794 956 858 constitutit

59 913 138 962 certa
158 899 311 962 divisionis
331 920 437 960 norma
456 920 512 980 pro
533 896 669 958 universa
689 896 769 960 suala
793 893 956 978 proficisci·

64 1016 118 1062 tnr.
139 1035 178 1048 -
199 1000 336 1062 Primum
357 1011 499 1082 puuctum
519 1001 649 1061 habetur
669 1017 707 1060 ex
728 996 897 1072 altitudine,
917 999 957 1061 ad

57 1101 409 1184 quamflygrometrum
429 1098 460 1159 iu
480 1119 566 1181 aqna
583 1099 735 1180 depurata
755 1095 895 1172 subsidit,
916 1097 958 1158 al·

39 1215 157 1274 ,terum
181 1221 219 1260 ex
239 1199 413 1274 altitudine,
433 1201 471 1260 ad
493 1219 581 1281 quam
602 1194 634 1258 in
654 1217 757 1280 aqua,
779 1210 859 1258 cama
874 1199 958 1280 lege,

52 1305 140 1363 salsa
163 1302 288 1377 haeret,
318 1310 351 1359 ut
380 1298 477 1359 videre
506 1312 550 1360 est
570 1299 650 1380 apud
669 1287 781 1386 Biuus'
803 1297 956 1360 Ele'ments

52 1401 92 1462 de
116 1401 324 1482 pharmaco,
345 1419 411 1480 pag.
435 1398 513 1474 343,
535 1383 604 1458 edit
625 1409 699 1479 sept.
756 1439 761 1452 .

94 1497 270 1581 Principia,
300 1499 436 1580 adquae
462 1501 545 1558 scola
570 1496 716 1580 ejusmodi
739 1497 960 1580 comparabilis

54 1602 118 1663 fieri
141 1599 255 1672 debet,
275 1601 348 1660 haec
366 1613 454 1664 sunt:
475 1597 570 1680 prima
591 1610 679 1673 nota,
700 1619 791 1680 quam
811 1619 889 1680 aqua
910 1599 962 1660 de·

60 1711 166 1782 parata
191 1698 335 1773 ostendit,
356 1718 375 1757 o
397 1700 485 1777 (nial)
506 1697 666 1760 indicanda
686 1712 747 1778 est,
769 1711 800 1758 et
819 1696 963 1772 interval·

56 1801 121 1862 lum
135 1799 217 1860 inter
230 1799 308 1858 illam
324 1812 355 1858 et
368 1813 470 1858 notam
491 1799 668 1872 secundam,
690 1817 781 1878 quam
796 1817 874 1878 aqua
888 1797 964 1858 salsa

58 2013 93 2060 ut
113 2017 258 2057 numerus
278 1995 411 2058 decimus
430 1996 502 2058 huic
522 1997 672 2058 secundae
686 1996 880 2079 respondean
902 2017 965 2078 quo

57 2099 163 2170 facto,
186 2116 385 2177 unaquaeque
405 2091 557 2158 divisionis
578 2103 647 2178 pars
661 2119 752 2157 unum
770 2097 896 2178 madum
911 2095 966 2156 de·

57 2196 168 2278 signat.
200 2193 306 2256 Similis
334 2195 373 2254 ad
401 2197 527 2256 eandem
556 2215 726 2256 mensuram
751 2194 965 2258 {inuniversae

58 2295 129 2358 tubi
149 2291 370 2376 longitudinis,
393 2315 462 2354 curu
485 2316 602 2356 sursum
614 2340 625 2371 ,
648 2311 712 2356 tum
735 2297 875 2356 deorsum
898 2317 967 2376 par·

58 2394 150 2469 titio;
174 2412 237 2472 qno
257 2391 351 2463 facto,
372 2391 476 2452 eadem
497 2413 616 2475 semper
635 2393 782 2475 graduum
796 2394 835 2452 ad
855 2392 966 2453 instru-

56 2492 157 2556 menti
179 2493 305 2555 bulbum
326 2506 370 2552 est
389 2491 484 2567 ratio,
512 2513 566 2556 seu
590 2493 670 2554 scala
685 2493 823 2554 'hahetur
842 2494 965 2574 Hygre-

56 2608 161 2655 metro
185 2589 379 2672 comparabili
398 2589 570 2652 inserviens.

98 2687 211 2755 Posito
232 2706 303 2752 nota
323 2712 361 2770 o,
388 2691 534 2753 beneficio
559 2693 841 2774 aquaedepuratoe
861 2705 968 2754 notata

55 2796 99 2856 ad
122 2790 223 2853 scalae
245 2788 408 2864 medium,
423 2790 475 2852 rel
490 2791 606 2852 'saltem
637 2793 677 2852 ad
705 2789 839 2852 debitum
861 2815 879 2852 a
899 2790 968 2854 colli
1099 2829 1101 2834 ,

55 2887 263 2976 Hygrometri
283 2903 413 2971 utroque
428 2903 564 2951 extremo
577 2888 785 2969 intervallum,
807 2890 969 2953 inservient

55 2991 194 3075 gradus,
224 3009 313 3070 supra
334 3010 353 3049 o
374 2987 530 3070 adscripti,
559 2987 597 3051 ad
619 2987 875 3052 determinandam
899 3013 968 3072 gra·

57 3090 193 3154 vitatem
214 3089 380 3172 specificam
394 3088 598 3171 liquidorum,
621 3095 699 3170 aqua
719 3089 855 3172 specifice
874 3090 969 3152 levio·

54 3211 148 3263 rum,
182 3189 325 3250 deorsum
345 3209 417 3250 vero
438 3187 555 3264 notati,
586 3189 624 3250 ad
645 3188 866 3270 dijudicandam
890 3191 966 3252 hanc

55 3289 246 3372 grauitatem
268 3309 323 3370 pro
343 3286 482 3370 liquidis,
503 3310 581 3370 aqua
602 3287 797 3352 densioribus.
820 3291 909 3352 Patet
921 3311 970 3352 er·

36 3421 39 3428 ·
57 3413 122 3475 go,
144 3411 231 3473 posse
252 3411 345 3450 unum
359 3388 501 3471 idemque
516 3387 746 3451 instrumentum
757 3435 773 3474 ,l
784 3389 878 3454 modo
892 3392 982 3462 scala,

63 3490 142 3556 tatis
167 3490 291 3572 ampla,
317 3491 376 3553 boc
397 3501 461 3564 est,
488 3485 579 3572 longo
604 3488 675 3552 satis
697 3489 776 3554 collo
806 3489 972 3572 cylindrino
