2380 4154
428 257 615 309 lucrosum
921 235 964 310 13

105 372 243 434 Probum
265 372 437 456 amplissimi
453 376 491 436 T.
513 373 727 436 munuum
751 371 889 452 consilio,
910 394 967 436 eo·

67 475 136 534 dem
159 489 283 536 auctore
305 476 353 536 die
380 497 390 536 ι
413 477 509 558 aprilis
528 493 605 557 1799
619 473 799 558 reipublicae
813 473 966 557 reguudae

67 577 284 654 Quinqueviri,
313 577 497 658 provinciam
530 573 737 636 conscribendi
758 574 824 636 tulis
846 571 966 636 Codicis

66 671 303 756 pharmaceutici
330 672 361 734 in
388 695 443 736 nos
469 673 659 736 deferendum
687 695 767 748 esse,
795 675 967 736 voluerunt.

64 773 284 834 Difficillimum
306 775 493 856 arduumque
514 776 647 836 luborem
666 781 695 835 in
711 797 796 836 osum
812 773 968 856 publicum

66 874 147 932 ultro
169 893 234 932 esse
256 871 496 954 suscipiendum,
518 873 607 934 officii
627 872 721 936 nostri
742 872 892 934 duximus.
925 873 967 934 Ut
1005 921 1011 936 .

68 991 169 1036 autem
189 976 260 1048 illo,
292 997 347 1056 pro
376 977 522 1058 gravitate
550 993 641 1060 utque
662 977 790 1038 utilitate
811 977 872 1050 rei,
902 976 968 1038 fun·

62 1097 225 1156 geremus,
242 1074 276 1142 in
296 1096 478 1158 congressu,
497 1077 713 1138 Amstelodami
732 1076 819 1138 brevi
834 1087 901 1160 post
914 1077 966 1136 hs·

62 1177 143 1252 bito,
176 1189 245 1236 ante
277 1178 379 1238 omnia
404 1179 578 1240 elnbomndi
599 1182 694 1264 operis
717 1195 876 1259 normam,
906 1197 963 1238 nec

61 1299 123 1336 uon
144 1282 316 1350 ruticucm,
346 1277 386 1338 ud
416 1301 512 1360 quam,
538 1281 661 1361 quisque
693 1294 827 1338 nostrum
862 1277 965 1351 domi,
1027 1337 1030 1346 ,

61 1384 197 1442 marimo
220 1398 287 1438 cum
302 1377 420 1458 fructu,
441 1399 601 1442 commuue
616 1379 747 1442 sodalitii
767 1399 894 1462 pensum
909 1397 964 1442 suu

61 1486 157 1564 opero
179 1490 280 1562 posset
297 1481 491 1562 provehere,
512 1479 709 1542 delinivimus.
762 1511 766 1517 ·

47 1661 55 1667 .
101 1583 177 1642 Mox
199 1579 306 1661 singuli
321 1579 446 1640 seorsim
461 1601 564 1642 manus
580 1579 664 1664 operi
678 1579 881 1656 admovimus,
902 1599 964 1640 me·

67 1677 216 1740 dilationis
239 1673 341 1742 autem
362 1692 452 1763 atque
473 1680 670 1763 experientiae
685 1680 799 1740 fructus
815 1701 884 1738 cum
899 1678 964 1740 uni·

65 1778 155 1842 versis
178 1777 269 1840 sociis
289 1779 587 1856 communicavimus,
615 1781 778 1860 habitoque
799 1799 889 1859 super
907 1776 962 1840 illis

60 1878 233 1942 litterarum
264 1883 360 1941 amico
388 1874 589 1960 commercio,
620 1895 712 1962 atque
736 1875 873 1960 ⁴repetito
895 1875 961 1938 nli·

16 2004 28 2024 1
59 1979 182 2063 quoties
204 1979 339 2041 omnium
363 1999 523 2056 consessu,
553 2001 590 2042 eo
611 1982 730 2042 tandem
751 2001 798 2040 res
819 1977 875 2039 luit
895 1998 961 2061 pen

60 2081 168 2159 ducta,
196 2092 232 2143 ut
262 2083 413 2140 communi
443 2078 568 2141 consilio
593 2101 629 2140 ea
649 2080 745 2140 forma
767 2081 960 2139 Pharnsaco·

56 2203 137 2260 pora
159 2185 281 2242 Bataua
300 2179 391 2242 fuerit
411 2179 607 2256 concinnata,
629 2201 689 2264 quc
709 2177 799 2240 hodie
820 2181 850 2238 in
863 2177 959 2260 publi·

60 2301 126 2342 cum
149 2279 266 2364 prodit.

96 2383 291 2442 Luctuosum
310 2362 578 2456 interim‘accidit,
598 2392 633 2443 ut
654 2401 729 2442 unus
751 2399 789 2442 ex
807 2377 959 2441 sodalibus

57 2479 169 2542 nostris
189 2483 228 2542 G.
245 2483 283 2541 G.
298 2503 357 2542 rurs
378 2482 501 2562 Hssrr,
521 2486 566 2543 vir
579 2481 700 2564 ingenio
714 2495 804 2564 atque
820 2479 957 2541 doctriua

57 2582 250 2660 praeclarus,
280 2580 413 2642 chemiue
440 2580 646 2665 peritissimus,
677 2582 823 2640 medicam
851 2579 956 2660 prurin

57 2679 258 2742 Roterodami
286 2701 354 2740 cnm
386 2679 519 2742 omnium
549 2683 693 2763 applausu
720 2678 790 2740 inde
818 2700 837 2738 u
855 2677 956 2740 multis

58 2781 140 2841 aunis
154 2800 317 2860 exercens,
330 2795 520 2863 praematura
534 2797 630 2843 morte
645 2785 721 2856 suis,
736 2779 850 2862 patriae
865 2793 955 2862 atque

57 2877 102 2939 rei
120 2878 304 2959 litternriae,
331 2895 400 2941 aute
426 2880 562 2960 finitum,
593 2903 684 2964 quem
705 2881 956 2964 conjunctim'su·
1043 2916 1049 2933 .

57 2997 270 3061 sceperamus,
298 2979 432 3040 laborem
441 3019 453 3054 ,·
481 2997 511 3042 et
538 2981 570 3042 in
591 3003 652 3063 quo
673 2979 851 3042 edictalem
872 2979 954 3042 diem

54 3099 149 3160 usqne
170 3079 337 3140 indefessus
356 3093 457 3162 partes
486 3102 555 3143 suas
581 3081 738 3164 sustinuit,
769 3080 819 3144 die
849 3083 881 3144 8·
897 3082 952 3144 de-

56 3177 188 3238 cembris
209 3179 399 3255 anni-1800,
420 3180 595 3264 eriperetur.

91 3275 260 3338 Effluxisse
280 3276 438 3340 triennium
460 3292 491 3342 et
511 3281 593 3362 quod
613 3280 763 3357 excurrit,
790 3294 951 3364 antequam

51 3376 90 3437 ad
112 3376 209 3438 linem
229 3375 364 3439 laborem
383 3379 628 3462 perduxerimus,
649 3381 761 3444 nomini
781 3387 950 3444 mirum'vi·

50 3475 194 3553 debitur,
225 3476 446 3556 consideranti,
476 3493 551 3563 quot
580 3497 819 3564 quantarumque
849 3491 950 3546 rerum
974 3499 980 3506 '

135 3573 261 3636 Parnm.
282 3576 439 3656 Burnus,
463 3579 549 3642 Pom.
571 3579 599 3640 l.
850 3603 869 3643 2
