2380 4154
251 245 294 294 ια
581 226 787 289 'ancarano
865 285 869 291 .

234 357 300 420 ‘snb
317 355 426 418 ecdem
447 352 537 415 tiurlo
559 353 629 414 alibi
657 351 718 412 aiia
747 347 862 412 ratione
885 355 1051 431 paratum,
1082 353 1142 414 sor·

242 455 312 520 tiori
331 459 445 517 actione
467 453 607 516 lethalem
628 451 708 512 hunc
728 451 867 513 effectum
887 450 1029 513 habebat.

285 555 436 617 'racemus
457 550 514 613 alia
535 571 573 612 ex
593 551 796 613 eodemfonte
810 551 984 623 manando,
1005 569 1145 633 quaeque

247 655 286 717 ad
306 654 613 738 pharmacopoeorum
634 649 800 731 inscitiam,
828 649 1015 723 scamnum,
1049 655 1146 712 avari-

244 754 340 837 tiam,
362 763 594 837 praeconceptae
608 753 786 833 opiniones,
804 750 851 811 vel
864 749 967 812 similia
981 752 1145 832 pertinent.

287 855 401 916 Contra
430 851 583 934 muitipior
613 848 759 932 ejusmodi
796 849 907 910 malum
941 862 1071 925 omnes,
1105 848 1145 911 rei

245 955 377 1016 medicae
399 967 488 1034 atque
505 951 763 1035 pharmaceuticae
783 947 890 1032 periti,
916 949 988 1009 inde
1014 948 1144 1032 aiongo

245 1055 442 1135 temporem
474 1061 512 1111 eo
541 1061 642 1132 aptam
662 1048 726 1108 fore
743 1047 898 1122 medeinm
914 1045 1028 1129 opinati
1054 1058 1145 1126 sunt,

248 1153 273 1216 si
294 1173 434 1236 suprema
448 1151 669 1212 moderatorum
684 1148 801 1231 patriae
817 1147 995 1210 auctoritate
1009 1150 1039 1208 in
1056 1169 1145 1210 usum

247 1252 404 1315 universae
425 1251 602 1334 reipublicae
619 1251 722 1311 Codex
733 1247 997 1310 'l’harrnaceuticus
1010 1251 1146 1331 promul·

245 1367 385 1437 paratur,
406 1355 457 1434 qui
478 1353 649 1413 selectum
642 1372 672 1413 m
690 1348 915 1423 medicamentis
936 1350 1077 1426 faciendis
1100 1375 1146 1413 se·

246 1475 314 1519 vera
336 1457 400 1536 lege
420 1453 599 1536 praecipiat
628 1452 833 1533 modumque,
857 1449 1006 1531 adquam
1030 1453 1148 1532 singula

231 1529 306 1618 sint
326 1553 530 1632 conficienda,
565 1563 703 1614 accurate
730 1549 873 1627 definiat,
902 1563 939 1612 ut
969 1550 1030 1612 sic
1025 1549 1147 1612 ubivis

246 1653 384 1716 locorum
406 1665 436 1715 et
455 1655 575 1714 nomine
596 1666 627 1715 et
646 1653 776 1714 efficacia
805 1651 909 1714 eadam
938 1661 1057 1735 praesto
1087 1651 1147 1713 sint

247 1755 391 1818 adversus
412 1754 534 1820 morbos,
555 1774 646 1814 arma.

288 1854 363 1918 Voti
384 1855 471 1937 hrrjns
493 1851 692 1934 consequendi
707 1851 911 1935 opportunitas
931 1861 1002 1913 nata
1022 1851 1147 1915 demum

246 1953 323 2030 fnit,
356 1969 456 2018 creato
481 1953 537 2014 hac
558 1950 592 2014 in
612 1950 762 2035 repubiica
783 1973 862 2014 anno
889 1953 965 2034 1798
986 1953 1147 2016 Praefecto

247 2051 437 2116 institutionis
458 2052 614 2136 publicae,
649 2052 697 2114 cui
727 2053 769 2113 rei
790 2073 912 2134 quoque
932 2050 1069 2114 medicae
1092 2075 1149 2135 per

248 2165 343 2216 totam
358 2155 482 2236 patrium
497 2151 702 2213 emendandae
716 2149 958 2212 committebatur
978 2169 1061 2212 cura.
1077 2155 1147 2214 Hoc

249 2253 360 2318 etenim
381 2274 504 2314 munere
525 2273 619 2335 quum
632 2249 744 2335 primns
761 2249 934 2334 fungeretur
957 2250 1002 2313 vir
1027 2252 1150 2334 amplis·

249 2353 342 2417 simus
355 2353 546 2415 Taaononus
568 2371 630 2412 van
652 2351 804 2426 Koornu,
822 2349 921 2412 fausto
942 2351 1004 2412 fato
1024 2353 1149 2433 evenit,

249 2467 304 2527 ut,
325 2455 375 2535 (pri
394 2451 464 2512 huic
485 2471 504 2510 a
524 2452 727 2511 seeretis‘erat
751 2445 796 2509 vir
816 2447 1018 2528 doctissimus,
1040 2447 1150 2512 ianas

248 2571 318 2615 van
343 2552 540 2626 Haereses,
566 2547 645 2612 med.
674 2549 754 2611 doct
780 2547 889 2610 eximio
913 2545 1004 2610 studii
1032 2547 1150 2612 medici

249 2647 448 2734 amplificandi
468 2647 575 2709 ardore
594 2645 752 2729 flagraret,
772 2661 804 2708 et
815 2643 901 2707 ¹iater
914 2643 1043 2728 reliqua,
1065 2669 1149 2728 quae

248 2751 309 2814 huc
329 2749 427 2810 iacere
447 2748 640 2820 ridebantur,
660 2746 817 2820 Praefecto
837 2747 994 2819 suaderet,
1015 2761 1050 2807 nt
1071 2768 1149 2810 mox

249 2849 289 2910 ad
305 2844 544 2928 Quinqueviroa‚
573 2863 664 2927 penes
692 2863 768 2926 quos
789 2865 929 2926 suprema
955 2857 1021 2905 erat
1040 2843 1148 2929 reipu-

248 2947 344 3011 blicae
359 2943 609 3008 administrandae
615 2955 767 3028 potestas,
780 2943 818 3006 de
832 2941 875 3005 rei
884 2943 1148 3027 pharmaceuticae

249 3047 398 3131 apadnoa
411 3061 491 3107 statu
504 3045 646 3124 referret,
667 3057 757 3127 atque
775 3041 1019 3104 reformationem
1040 3041 1149 3106 incho-

183 3163 191 3172 ·
247 3147 358 3212 andum
375 3158 498 3228 urgeret
518 3159 571 3228 per
588 3143 875 3223 lermacopneam
896 3143 1065 3220 Batauam,
1088 3143 1150 3204 Ba·

248 3244 328 3308 tavis
346 3243 489 3336 naumis
504 3240 785 3326 praescribendam,
806 3261 884 3323 qsrae
898 3240 935 3302 ad
954 3255 1149 3323 praesentem

249 3341 468 3430 discipinam
488 3341 689 3416 naturalium,
716 3338 888 3425 praesertim
909 3339 1064 3416 chemiae,
1095 3363 1149 3404 ra·

249 3441 364 3508 tionem
383 3431 717 3507 accommodatarum.
