2344 4146
251 279 300 376 84
417 261 419 266 ¹
583 259 586 262 .
618 305 769 354 conuonn

251 424 307 482 est,
326 418 432 485 ejusrpte
445 415 484 467 vis
497 421 590 466 stanna
604 424 745 467 coercetur.
761 413 940 485 Experimeuta
954 411 1071 482 denique
1087 431 1151 482 prc-

252 501 365 569 baruut,
384 517 490 554 massam
504 501 656 553 metallicam
674 517 706 552 ex
724 501 835 554 sedecim
851 501 967 570 partibus
980 502 1071 552 uenat
1084 520 1149 552 una·

249 607 301 662 que
318 591 425 642 arsenici
446 590 547 641 nullum
561 589 681 640 damnum
699 589 815 640 intulisse
828 591 928 659 (Bajen
945 601 970 638 et
983 587 1148 653 Clmrturd).

254 682 340 733 Utusa
368 688 457 732 contra
473 679 585 732 taeniam
603 680 630 730 iu
647 679 754 748 pulvere
772 687 799 730 ct
816 678 966 730 electuario·
992 678 1093 730 Datum
1112 687 1150 730 est

249 767 277 820 in
293 767 401 837 pulvere
419 775 511 836 quater
529 775 556 817 et
572 767 653 817 sexies
670 765 787 836 quotidie
810 782 858 835 per
875 764 1076 834 quatuordecim
1094 764 1148 816 dies

192 884 200 900 ι
249 861 277 907 et
293 856 396 924 plures,
422 854 573 922 interposito
592 853 661 905 omni
679 853 818 922 quatriduo
840 860 966 920 purgante
992 852 1049 902 sine
1077 853 1148 903 omni

246 953 332 1008 noxa,
355 952 382 994 et
404 959 462 992 cum
488 949 609 1010 exoptato
632 940 725 992 ellectu
760 941 900 1002 (Munro).
925 939 991 990 Acta
1019 939 1148 991 edinbur·

249 1031 336 1098 gensis
362 1047 406 1080 sen
431 1029 565 1081 drachmas
588 1029 672 1098 prima
696 1027 752 1094 die,
778 1028 859 1080 altera
884 1035 953 1090 tres,
980 1027 1147 1080 tantumdem

239 1117 325 1170 ⁷tertia
338 1115 513 1183 deglutiendam
526 1116 703 1186 praecipiunt,
716 1123 809 1184 quarte
821 1129 884 1168 vero
896 1114 1040 1168 cathartico
1056 1115 1146 1169 alvum

247 1203 400 1257 ducendam.
417 1204 448 1254 Et
465 1203 579 1270 anysium
593 1204 677 1256 suuni
691 1221 737 1254 usu
751 1203 830 1255 venit.
849 1202 1040 1254 Antilaeeticum
1056 1203 1146 1254 Peter-i

246 1289 445 1353 (Bezcardieum
466 1290 577 1355 joviale)
603 1306 656 1340 uon
681 1289 799 1340 inefficax
824 1297 917 1350 certe,
943 1287 1019 1354 hujus
1043 1289 1144 1354 generis

245 1383 301 1441 eet,
319 1384 345 1427 et
363 1374 447 1441 oxydo
465 1373 535 1425 stibii
550 1377 675 1441 inunctum.
696 1375 778 1425 Dosis
790 1392 826 1441 gr.
841 1373 933 1426 v-xll.
948 1371 1100 1424 Parabatur
1112 1389 1145 1423 ex

140 1497 146 1514 .
246 1461 316 1514 stibii
334 1479 361 1530 p.
379 1464 386 1527 j
405 1461 489 1511 stanni
506 1478 532 1529 p.
549 1462 575 1528 jjj
594 1470 621 1512 et
634 1459 687 1512 kali
700 1462 786 1512 uitrici
799 1479 825 1530 p.
840 1461 875 1511 lX
890 1460 1068 1512 detonatione.
1083 1461 1143 1511 Ali·

247 1549 303 1599 ὄπι
332 1548 446 1616 oxydum
471 1549 555 1599 stanni
577 1563 694 1616 purum,
719 1548 789 1618 quud
814 1548 913 1599 fusione
936 1546 1034 1598 metalli
1059 1548 1145 1600 oritur

246 1635 288 1698 (la
305 1634 382 1704 putee
399 1618 527 1700 d'litein)
545 1634 633 1686 eadem
651 1635 705 1688 dosi
724 1636 805 1702 aegris
823 1634 907 1700 dedit,
933 1652 984 1704 qua
1002 1633 1144 1686 antihecti·

245 1741 304 1774 curn
322 1723 499 1792 praescripsit,
525 1739 618 1791 nempe
645 1740 682 1789 gr.
701 1723 732 1775 X.
750 1722 791 1775 Au
809 1723 903 1774 murias
921 1722 1006 1773 stanni
1027 1724 1143 1775 cortou·

246 1829 319 1874 vum,
329 1810 452 1861 suadente
460 1814 561 1874 Marco,
570 1810 641 1878 praxi
655 1808 768 1860 medicae
779 1825 891 1878 unquam
905 1809 1067 1860 salutiferum
1076 1811 1145 1874 erit,

245 1898 446 1966 periclitationes
464 1905 553 1948 cautae
570 1897 597 1946 in
615 1903 747 1964 pasterum
766 1894 904 1946 docebunt.
928 1895 958 1945 ln
984 1895 1143 1948 animalibus

246 1983 381 2033 institutae
399 1982 544 2047 deterrent,
563 1991 622 2047 aut,
636 1982 656 2033 ai
674 1983 731 2051 quis
748 1983 864 2048 mavult,
884 1983 915 2032 ad
933 1985 986 2049 ejus
1004 1999 1081 2032 usum
1104 1985 1144 2034 in·

243 2071 329 2119 litant
356 2068 501 2131 (Alibert).
520 2093 554 2108 -
571 2067 638 2119 Vm
664 2085 695 2119 ex
722 2077 830 2134 stanno,
854 2069 924 2138 quud
948 2085 1008 2118 cum
1030 2068 1143 2138 plumbo

245 2151 418 2204 adulteratum
437 2161 492 2218 est,
510 2151 602 2205 damna
627 2153 813 2219 sufflammant,
839 2163 866 2206 et
891 2171 922 2205 eu
942 2153 1059 2219 facilius,
1088 2173 1142 2225 quo

247 2239 326 2306 magia
339 2239 430 2289 caloris
443 2237 549 2306 gradus,
567 2248 593 2291 et
607 2239 658 2292 cibi
671 2249 764 2292 natura
777 2240 959 2308 oxydatiouetu
972 2241 1142 2295 metallorum

245 2326 389 2377 accelerant
407 2325 614 2395 (lampadius).
723 2363 725 2368 .

132 2463 135 2472 “
241 2467 526 2571 >funuernum

283 2607 438 2668 AMBRA
459 2607 621 2671 FLAVA.

282 2767 419 2826 Bitumen
439 2765 586 2840 solidum,
600 2768 709 2848 ⁴tingite
720 2811 731 2840 ,
743 2768 863 2850 flavum
873 2813 885 2844 ,
914 2769 1059 2845 rubrum.
1086 2787 1141 2834 aru

235 2865 409 2939 vadamus,
429 2867 459 2924 in
468 2864 611 2946 fractum
629 2868 804 2949 aequabile,
822 2870 877 2927 sub
891 2871 997 2929 tritium
1016 2872 1048 2930 in
1066 2874 1139 2952 pul-

242 2985 337 3024 uerem
361 2967 439 3044 greti
463 2964 560 3025 odoris
593 2969 701 3028 abiens.
739 2968 890 3049 Optimum
907 2969 1055 3050 flavum,
1086 2987 1140 3032 aut

242 3065 396 3137 cr'trinum,
413 3064 607 3146 pellucidum,
618 3070 723 3150 praeuia
735 3069 872 3146 dejectum
885 3069 996 3152 liquefit
1007 3083 1039 3130 et
1052 3085 1139 3152 gratu

241 3161 332 3225 odore
352 3161 504 3248 deflagrat.

268 3323 332 3375 Not
345 3323 388 3374 δι.
404 3325 487 3376 derna.
500 3323 651 3391 demntia,
665 3323 730 3394 belg.
743 3325 1137 3396 numerumnunerum,

243 3423 310 3460 sm.
328 3409 468 3475 nemnem
495 3409 569 3480 angl.
588 3410 682 3478 yettaw
700 3411 804 3478 ante,
826 3405 892 3482 gell.
909 3413 1021 3483 secem,
1049 3419 1140 3471 mbr·

243 3497 418 3562 henestbl.
443 3496 576 3566 Sustine,
598 3495 687 3550 ubre
705 3499 797 3568 palla,
825 3499 892 3570 hisp.
916 3500 1044 3572 m,
1062 3505 1137 3558 autc
