2380 4154
252 285 302 381 44
354 285 358 288 ’
399 257 402 264 .
563 255 805 374 'ennon—nrum

250 443 328 506 quae
357 441 425 481 cum
447 419 650 502 Hygromettis
678 418 857 481 Baumtanis
887 429 917 480 et
943 419 1143 480 tmsretaeda·

251 519 401 583 mensibus
424 516 601 579 instituimus

292 621 367 680 Usus
388 619 474 700 hujus
494 619 613 678 tabulae
634 619 807 698 praesertim
828 637 954 697 sequens
976 627 1041 677 est:

296 739 319 780 1.
342 719 422 778 Dato
443 715 555 798 gradu,
585 715 623 775 ad
648 737 738 796 quem
761 716 991 796 Hpgrometrum
1011 727 1145 776 nostrum

251 839 305 900 per
326 819 478 898 liquorem*
493 812 639 887 subsidit,
663 812 773 873 indicat
797 813 961 893 adscriptus
986 833 1146 892 numerus,

250 917 337 1000 quale
358 914 396 976 sit
416 914 490 973 illins
508 912 629 994 pondus
648 915 835 993 specificam,
857 912 1092 974 habitatatione
1112 913 1146 974 ad

247 1036 363 1097 ¹aquarn
385 1014 570 1096 deputatam.
843 1017 847 1022 '

292 1135 320 1174 a.
343 1113 374 1172 si
395 1114 513 1193 liquoris
531 1113 649 1191 pondus
668 1113 842 1193 specificam
863 1112 1016 1194 cognitum
1031 1113 1087 1189 sit,
1110 1133 1148 1173 re·

254 1213 401 1295 spondens
423 1210 492 1272 huic
513 1212 635 1293 ponderi
657 1213 766 1293 gradus
788 1231 958 1274 mensurum
986 1211 1149 1275 immersio·

254 1317 317 1390 nis,
339 1333 390 1372 sen
412 1312 536 1392 gradum
558 1311 745 1392 Hygrometri
766 1310 907 1372 ostendit.

295 1415 323 1472 3.
347 1410 476 1490 Cognito
497 1411 591 1489 gradu
616 1412 644 1468 in
666 1411 866 1491 Hygronietro
895 1412 1151 1490 pharmaceutico,

257 1510 440 1592 respondens
465 1509 506 1570 iili
536 1510 644 1589 gradus
672 1512 701 1568 in
723 1511 928 1592 Hygromatris
951 1513 1152 1574 Amstelaedn·

256 1613 349 1672 mensi
373 1625 405 1671 et
424 1608 596 1672 Boume‘ano
620 1609 705 1670 facile
730 1608 898 1682 invenitur,
928 1613 1061 1674 notando
1090 1637 1153 1696 gra-

255 1712 342 1786 dum¹
365 1709 417 1793 qui
438 1709 602 1791 adscriptae
623 1710 758 1772 densitati
779 1711 911 1792 proxime
933 1717 1086 1774 convenit.
1112 1713 1153 1776 Sit

256 1811 353 1893 liquor
374 1831 403 1872 v.
425 1832 468 1890 gr.
490 1812 633 1891 graduum
649 1811 687 1869 25
709 1814 791 1891 juxta
812 1812 1044 1893 Hygrometrum
1071 1816 1154 1895 phar·

259 1914 471 1981 mareoticum,
485 1921 514 1970 et
528 1921 689 1989 quaeratur
703 1909 741 1968 de
752 1911 889 1990 gradibus
904 1911 1156 1992 respondentibus

258 2009 289 2070 in
311 2009 589 2070 Amsteincdamensi
619 2023 649 2068 et
677 2011 857 2070 Boumdnno.
892 2013 1042 2070 invenitur
1077 2017 1155 2094 juata

258 2111 380 2190 gradum
404 2109 443 2170 25
463 2113 492 2168 in
513 2110 649 2168 columna
671 2111 765 2189 prima
784 2108 913 2170 densitas
931 2133 973 2167 π
986 2110 1056 2170 852.
1081 2113 1156 2172 Huic

260 2229 385 2270 numero
406 2211 435 2268 in
457 2209 597 2270 columna
618 2210 748 2268 secunda
771 2211 930 2290 respondet
947 2213 1029 2270 iocus
1042 2215 1159 2273 medius

261 2309 338 2370 inter
358 2311 483 2391 gradum
503 2310 542 2370 28
557 2320 587 2368 et
601 2330 660 2390 29,
681 2329 735 2367 seu
750 2309 788 2370 28
799 2325 849 2382 'fit
869 2308 901 2369 in
920 2311 1061 2371 columna
1086 2333 1158 2374 vero

259 2411 346 2472 tertia
368 2411 526 2492 respondet
546 2409 652 2491 gradus
674 2410 721 2468 35.
752 2409 834 2490 Ergo
857 2414 880 2470 si
901 2415 931 2472 in
952 2409 1071 2492 liquore
1095 2414 1156 2494 Hy·

259 2525 442 2594 grometrum
464 2507 731 2592 pharmaceuticum
748 2523 884 2568 nostrum
901 2508 1025 2572 subsidit
1038 2513 1081 2572 ad
1096 2533 1158 2594 gra·

259 2616 330 2674 dum
346 2612 400 2690 25,
415 2611 548 2670 subsidet
568 2609 858 2670 Amsteiaedatnense
880 2612 917 2669 ed
938 2611 1064 2692 gradrrm
1082 2614 1160 2679 28¹s·

260 2728 291 2774 ct
310 2713 516 2772 Bnumeanum
537 2711 574 2770 ad
596 2710 644 2770 35.

300 2815 329 2888 4
351 2813 427 2873 Viae
447 2829 554 2887 versa,
575 2807 695 2892 cognito
715 2811 827 2892 gradu,
847 2833 936 2892 quem
958 2815 1160 2877 Amstelacda·

263 2931 382 2987 mense,
404 2923 456 2969 aut
476 2911 681 2969 Baumcanum
703 2922 865 2983 monstrnt,
886 2913 990 2972 eodem
1006 2916 1105 2975 modo
1125 2915 1164 2975 io·

261 3013 379 3073 venitur
407 3009 590 3090 respondens
620 3009 727 3090 gradus
757 3011 800 3069 in·
816 3011 1017 3092 Hygrometro
1047 3026 1163 3076 nostro.

264 3111 438 3186 Quaeratur
457 3130 483 3169 v.
505 3129 546 3189 gr.
561 3108 750 3190 respondens
770 3107 876 3188 gradus
901 3109 934 3170 in
954 3111 1164 3194 Hygromctro

261 3222 364 3269 nostro
395 3207 499 3288 gradui
527 3209 571 3284 34·
598 3211 628 3267 in
654 3208 859 3290 Hygrometro
885 3211 1164 3273 Amstelaedameo·

262 3311 296 3369 ti.
316 3305 469 3368 Invenitur
482 3306 612 3368 densitas
625 3305 733 3389 gradui
747 3310 787 3384 34
807 3308 1096 3372 Ameteleedamensi
1120 3315 1166 3371 od·

262 3407 371 3489 scripta
389 3429 433 3466 =
452 3408 522 3488 8²9·
543 3407 613 3466 Jem
632 3427 704 3468 vero
723 3406 793 3468 hnic
813 3408 950 3468 densitati
964 3411 1024 3490 829
1037 3413 1090 3470 vei
1107 3409 1167 3471 828

263 3509 423 3587 respondet
454 3507 649 3588 Hygrometri,
673 3509 768 3567 nostri
800 3505 909 3588 gradus
935 3509 993 3584 ao,
1035 3509 1066 3568 id
1106 3525 1169 3586 est„

884 3729 901 3771 )
