<?xml version="1.0" encoding="UTF-8"?>
<!DOCTYPE html PUBLIC "-//W3C//DTD XHTML 1.0 Transitional//EN"
    "http://www.w3.org/TR/xhtml1/DTD/xhtml1-transitional.dtd">
<html xmlns="http://www.w3.org/1999/xhtml" xml:lang="en" lang="en">
 <head>
  <title>
</title>
<meta http-equiv="Content-Type" content="text/html;charset=utf-8" />
  <meta name='ocr-system' content='tesseract 3.04.00' />
  <meta name='ocr-capabilities' content='ocr_page ocr_carea ocr_par ocr_line ocrx_word'/>
</head>
<body>
  <div class='ocr_page' id='page_1' title='image "./pharmacopoeabat01niemgoog_0082.png"; bbox 0 0 2344 4146; ppageno 0'>
   <div class='ocr_carea' id='block_1_1' title="bbox 300 238 917 362">
    <p class='ocr_par' dir='ltr' id='par_1_1' title="bbox 300 238 917 362">
     <span class='ocr_line' id='line_1_1' title="bbox 300 238 917 362; baseline 0.008 -31"><span class='ocrx_word' id='word_1_1' title='bbox 300 285 344 332; x_wconf 81' lang='lat' dir='ltr'><strong>nx</strong></span> <span class='ocrx_word' id='word_1_2' title='bbox 369 285 487 334; x_wconf 80' lang='lat' dir='ltr'><strong>nnana</strong></span> <span class='ocrx_word' id='word_1_3' title='bbox 511 286 645 360; x_wconf 76' lang='lat' dir='ltr'><strong>sessim</strong></span> <span class='ocrx_word' id='word_1_4' title='bbox 823 238 830 275; x_wconf 29' lang='lat' dir='ltr'><strong>l</strong></span> <span class='ocrx_word' id='word_1_5' title='bbox 868 260 917 362; x_wconf 82' lang='lat'><strong>75</strong></span> 
     </span>
    </p>
   </div>
   <div class='ocr_carea' id='block_1_2' title="bbox 50 395 923 1774">
    <p class='ocr_par' dir='ltr' id='par_1_2' title="bbox 50 395 923 1774">
     <span class='ocr_line' id='line_1_2' title="bbox 62 395 921 472; baseline 0.01 -28"><span class='ocrx_word' id='word_1_6' title='bbox 62 395 164 448; x_wconf 86' lang='lat' dir='ltr'><strong>tumultus</strong></span> <span class='ocrx_word' id='word_1_7' title='bbox 176 398 301 464; x_wconf 76' lang='lat' dir='ltr'><strong>graviores.</strong></span> <span class='ocrx_word' id='word_1_8' title='bbox 316 401 431 452; x_wconf 86' lang='lat' dir='ltr'><strong>Pretium</strong></span> <span class='ocrx_word' id='word_1_9' title='bbox 445 402 525 454; x_wconf 87' lang='lat' dir='ltr'><strong>diuini</strong></span> <span class='ocrx_word' id='word_1_10' title='bbox 537 401 661 467; x_wconf 79' lang='lat' dir='ltr'><strong>remedii,</strong></span> <span class='ocrx_word' id='word_1_11' title='bbox 679 399 781 453; x_wconf 72' lang='lat' dir='ltr'><strong>corticis</strong></span> <span class='ocrx_word' id='word_1_12' title='bbox 797 401 921 472; x_wconf 64' lang='lat' dir='ltr'><strong>pannis·-</strong></span> 
     </span>
     <span class='ocr_line' id='line_1_3' title="bbox 61 482 921 556; baseline 0.007 -22"><span class='ocrx_word' id='word_1_13' title='bbox 61 482 98 548; x_wconf 84' lang='lat' dir='ltr'><strong>ni,</strong></span> <span class='ocrx_word' id='word_1_14' title='bbox 114 492 215 554; x_wconf 84' lang='lat' dir='ltr'><strong>tempore</strong></span> <span class='ocrx_word' id='word_1_15' title='bbox 234 486 296 538; x_wconf 91' lang='lat' dir='ltr'><strong>belli</strong></span> <span class='ocrx_word' id='word_1_16' title='bbox 318 487 472 540; x_wconf 76' lang='lat' dir='ltr'><strong>devastantis</strong></span> <span class='ocrx_word' id='word_1_17' title='bbox 492 489 574 556; x_wconf 82' lang='lat' dir='ltr'><strong>gallici</strong></span> <span class='ocrx_word' id='word_1_18' title='bbox 593 489 663 540; x_wconf 90' lang='lat' dir='ltr'><strong>omni</strong></span> <span class='ocrx_word' id='word_1_19' title='bbox 681 489 722 540; x_wconf 90' lang='lat' dir='ltr'><strong>die</strong></span> <span class='ocrx_word' id='word_1_20' title='bbox 739 488 817 556; x_wconf 71' lang='lat' dir='ltr'><strong>magio</strong></span> <span class='ocrx_word' id='word_1_21' title='bbox 834 489 921 556; x_wconf 79' lang='lat' dir='ltr'><strong>ingra-</strong></span> 
     </span>
     <span class='ocr_line' id='line_1_4' title="bbox 60 573 919 644; baseline 0.01 -24"><span class='ocrx_word' id='word_1_22' title='bbox 60 585 151 636; x_wconf 82' lang='lat' dir='ltr'><strong>vescens,</strong></span> <span class='ocrx_word' id='word_1_23' title='bbox 161 580 233 642; x_wconf 88' lang='lat' dir='ltr'><strong>atque</strong></span> <span class='ocrx_word' id='word_1_24' title='bbox 245 573 371 644; x_wconf 74' lang='lat' dir='ltr'><strong>‹pidemia</strong></span> <span class='ocrx_word' id='word_1_25' title='bbox 384 573 495 626; x_wconf 88' lang='lat' dir='ltr'><strong>febrium</strong></span> <span class='ocrx_word' id='word_1_26' title='bbox 508 576 734 628; x_wconf 88' lang='lat' dir='ltr'><strong>intermittentium</strong></span> <span class='ocrx_word' id='word_1_27' title='bbox 750 589 852 627; x_wconf 81' lang='lat' dir='ltr'><strong>omnem</strong></span> <span class='ocrx_word' id='word_1_28' title='bbox 864 575 919 629; x_wconf 81' lang='lat' dir='ltr'><strong>fers</strong></span> 
     </span>
     <span class='ocr_line' id='line_1_5' title="bbox 58 649 922 734; baseline 0.013 -27"><span class='ocrx_word' id='word_1_29' title='bbox 58 653 195 710; x_wconf 57' lang='lat' dir='ltr'><strong>‘Germaniam</strong></span> <span class='ocrx_word' id='word_1_30' title='bbox 211 665 313 732; x_wconf 83' lang='lat' dir='ltr'><strong>ejusque</strong></span> <span class='ocrx_word' id='word_1_31' title='bbox 335 661 446 714; x_wconf 83' lang='lat' dir='ltr'><strong>confinia</strong></span> <span class='ocrx_word' id='word_1_32' title='bbox 463 678 631 732; x_wconf 85' lang='lat' dir='ltr'><strong>percurrens,</strong></span> <span class='ocrx_word' id='word_1_33' title='bbox 649 663 735 734; x_wconf 89' lang='lat' dir='ltr'><strong>plures</strong></span> <span class='ocrx_word' id='word_1_34' title='bbox 752 649 867 716; x_wconf 86' lang='lat' dir='ltr'><strong>medicos</strong></span> <span class='ocrx_word' id='word_1_35' title='bbox 887 681 922 718; x_wconf 87' lang='lat' dir='ltr'><strong>eo</strong></span> 
     </span>
     <span class='ocr_line' id='line_1_6' title="bbox 59 745 918 820; baseline 0.009 -24"><span class='ocrx_word' id='word_1_36' title='bbox 59 745 221 816; x_wconf 82' lang='lat' dir='ltr'><strong>perduxerunt,</strong></span> <span class='ocrx_word' id='word_1_37' title='bbox 238 759 282 816; x_wconf 90' lang='lat' dir='ltr'><strong>ut,</strong></span> <span class='ocrx_word' id='word_1_38' title='bbox 301 752 447 820; x_wconf 80' lang='lat' dir='ltr'><strong>exemplum</strong></span> <span class='ocrx_word' id='word_1_39' title='bbox 464 755 590 818; x_wconf 84' lang='lat' dir='ltr'><strong>majorum</strong></span> <span class='ocrx_word' id='word_1_40' title='bbox 607 752 717 818; x_wconf 88' lang='lat' dir='ltr'><strong>imitati,</strong></span> <span class='ocrx_word' id='word_1_41' title='bbox 735 752 877 803; x_wconf 82' lang='lat' dir='ltr'><strong>arsenicum</strong></span> <span class='ocrx_word' id='word_1_42' title='bbox 890 752 918 804; x_wconf 75' lang='lat' dir='ltr'><strong>in</strong></span> 
     </span>
     <span class='ocr_line' id='line_1_7' title="bbox 60 830 919 909; baseline 0.005 -25"><span class='ocrx_word' id='word_1_43' title='bbox 60 830 226 902; x_wconf 83' lang='lat' dir='ltr'><strong>frequentiorem</strong></span> <span class='ocrx_word' id='word_1_44' title='bbox 244 855 318 890; x_wconf 82' lang='lat' dir='ltr'><strong>nsum</strong></span> <span class='ocrx_word' id='word_1_45' title='bbox 336 847 473 904; x_wconf 84' lang='lat' dir='ltr'><strong>vocarent,</strong></span> <span class='ocrx_word' id='word_1_46' title='bbox 497 840 670 909; x_wconf 77' lang='lat' dir='ltr'><strong>penitiorique</strong></span> <span class='ocrx_word' id='word_1_47' title='bbox 692 838 816 891; x_wconf 88' lang='lat' dir='ltr'><strong>scrutinio</strong></span> <span class='ocrx_word' id='word_1_48' title='bbox 838 838 919 906; x_wconf 76' lang='lat' dir='ltr'><strong>rubii·</strong></span> 
     </span>
     <span class='ocr_line' id='line_1_8' title="bbox 60 907 915 998; baseline 0.011 -29"><span class='ocrx_word' id='word_1_49' title='bbox 60 931 135 974; x_wconf 82' lang='lat' dir='ltr'><strong>errent.</strong></span> <span class='ocrx_word' id='word_1_50' title='bbox 151 926 332 994; x_wconf 77' lang='lat' dir='ltr'><strong>dnteeignanns</strong></span> <span class='ocrx_word' id='word_1_51' title='bbox 349 937 389 998; x_wconf 78' lang='lat' dir='ltr'><strong>eet</strong></span> <span class='ocrx_word' id='word_1_52' title='bbox 404 928 474 979; x_wconf 92' lang='lat' dir='ltr'><strong>inter</strong></span> <span class='ocrx_word' id='word_1_53' title='bbox 489 927 536 980; x_wconf 85' lang='lat' dir='ltr'><strong>hoe</strong></span> <span class='ocrx_word' id='word_1_54' title='bbox 554 929 725 994; x_wconf 74' lang='lat' dir='ltr'><strong>sagacissimus</strong></span> <span class='ocrx_word' id='word_1_55' title='bbox 742 907 845 993; x_wconf 66' lang='lat' dir='ltr'><strong>Breia,</strong></span> <span class='ocrx_word' id='word_1_56' title='bbox 870 929 915 997; x_wconf 89' lang='lat' dir='ltr'><strong>qui</strong></span> 
     </span>
     <span class='ocr_line' id='line_1_9' title="bbox 61 1007 921 1085; baseline 0.014 -30"><span class='ocrx_word' id='word_1_57' title='bbox 61 1007 180 1063; x_wconf 81' lang='lat' dir='ltr'><strong>solutionem</strong></span> <span class='ocrx_word' id='word_1_58' title='bbox 192 1015 309 1066; x_wconf 80' lang='lat' dir='ltr'><strong>Fowieri</strong></span> <span class='ocrx_word' id='word_1_59' title='bbox 320 1015 455 1084; x_wconf 85' lang='lat' dir='ltr'><strong>paululum</strong></span> <span class='ocrx_word' id='word_1_60' title='bbox 469 1015 630 1068; x_wconf 75' lang='lat' dir='ltr'><strong>immutatam</strong></span> <span class='ocrx_word' id='word_1_61' title='bbox 643 1016 814 1085; x_wconf 75' lang='lat' dir='ltr'><strong>praescripsit.</strong></span> <span class='ocrx_word' id='word_1_62' title='bbox 829 1015 855 1080; x_wconf 76' lang='grc'><strong>4.</strong></span> <span class='ocrx_word' id='word_1_63' title='bbox 870 1018 921 1068; x_wconf 85' lang='lat' dir='ltr'><strong>So·</strong></span> 
     </span>
     <span class='ocr_line' id='line_1_10' title="bbox 59 1092 919 1176; baseline 0.016 -34"><span class='ocrx_word' id='word_1_64' title='bbox 59 1092 109 1146; x_wconf 83' lang='lat' dir='ltr'><strong>luu&#39;o</strong></span> <span class='ocrx_word' id='word_1_65' title='bbox 122 1103 223 1152; x_wconf 76' lang='lat' dir='ltr'><strong>arrenici</strong></span> <span class='ocrx_word' id='word_1_66' title='bbox 239 1120 348 1154; x_wconf 75' lang='lat' dir='ltr'><strong>suasore</strong></span> <span class='ocrx_word' id='word_1_67' title='bbox 374 1105 463 1155; x_wconf 82' lang='lat' dir='ltr'><strong>Brera.</strong></span> <span class='ocrx_word' id='word_1_68' title='bbox 491 1104 521 1155; x_wconf 79' lang='lat' dir='ltr'><strong>n.</strong></span> <span class='ocrx_word' id='word_1_69' title='bbox 541 1105 654 1156; x_wconf 81' lang='lat' dir='ltr'><strong>Arsenici</strong></span> <span class='ocrx_word' id='word_1_70' title='bbox 681 1105 734 1156; x_wconf 86' lang='lat' dir='ltr'><strong>albi</strong></span> <span class='ocrx_word' id='word_1_71' title='bbox 751 1104 791 1155; x_wconf 90' lang='lat' dir='ltr'><strong>dr.</strong></span> <span class='ocrx_word' id='word_1_72' title='bbox 810 1099 919 1176; x_wconf 68' lang='lat' dir='ltr'><strong>sssole</strong></span> 
     </span>
     <span class='ocr_line' id='line_1_11' title="bbox 56 1181 917 1260; baseline 0.014 -31"><span class='ocrx_word' id='word_1_73' title='bbox 56 1181 75 1230; x_wconf 85' lang='lat' dir='ltr'><strong>in</strong></span> <span class='ocrx_word' id='word_1_74' title='bbox 88 1201 155 1253; x_wconf 89' lang='lat' dir='ltr'><strong>aquae</strong></span> <span class='ocrx_word' id='word_1_75' title='bbox 170 1189 230 1242; x_wconf 81' lang='lat' dir='ltr'><strong>dest.</strong></span> <span class='ocrx_word' id='word_1_76' title='bbox 247 1208 310 1241; x_wconf 89' lang='lat' dir='ltr'><strong>nnc.</strong></span> <span class='ocrx_word' id='word_1_77' title='bbox 323 1189 361 1242; x_wconf 90' lang='lat' dir='ltr'><strong>Vl</strong></span> <span class='ocrx_word' id='word_1_78' title='bbox 380 1190 447 1242; x_wconf 86' lang='lat' dir='ltr'><strong>adm.</strong></span> <span class='ocrx_word' id='word_1_79' title='bbox 462 1207 543 1260; x_wconf 85' lang='lat' dir='ltr'><strong>aquae</strong></span> <span class='ocrx_word' id='word_1_80' title='bbox 560 1191 715 1242; x_wconf 81' lang='lat' dir='ltr'><strong>cinnamum.</strong></span> <span class='ocrx_word' id='word_1_81' title='bbox 728 1191 812 1260; x_wconf 91' lang='lat' dir='ltr'><strong>simpl.</strong></span> <span class='ocrx_word' id='word_1_82' title='bbox 828 1207 886 1242; x_wconf 86' lang='lat' dir='ltr'><strong>une.</strong></span> <span class='ocrx_word' id='word_1_83' title='bbox 897 1193 917 1260; x_wconf 76' lang='lat' dir='ltr'><strong>ij</strong></span> 
     </span>
     <span class='ocr_line' id='line_1_12' title="bbox 55 1268 923 1349; baseline 0.006 -27"><span class='ocrx_word' id='word_1_84' title='bbox 55 1268 74 1317; x_wconf 76' lang='lat' dir='ltr'><strong>in</strong></span> <span class='ocrx_word' id='word_1_85' title='bbox 88 1272 166 1338; x_wconf 82' lang='lat' dir='ltr'><strong>quibus</strong></span> <span class='ocrx_word' id='word_1_86' title='bbox 182 1275 304 1328; x_wconf 84' lang='lat' dir='ltr'><strong>dissoluta</strong></span> <span class='ocrx_word' id='word_1_87' title='bbox 321 1285 360 1328; x_wconf 87' lang='lat' dir='ltr'><strong>eet</strong></span> <span class='ocrx_word' id='word_1_88' title='bbox 372 1275 425 1329; x_wconf 80' lang='lat' dir='ltr'><strong>kalt</strong></span> <span class='ocrx_word' id='word_1_89' title='bbox 438 1276 568 1328; x_wconf 82' lang='lat' dir='ltr'><strong>carbonici</strong></span> <span class='ocrx_word' id='word_1_90' title='bbox 580 1278 626 1331; x_wconf 79' lang='lat' dir='ltr'><strong>clr-</strong></span> <span class='ocrx_word' id='word_1_91' title='bbox 640 1277 677 1349; x_wconf 66' lang='grc' dir='ltr'><strong>β.</strong></span> <span class='ocrx_word' id='word_1_92' title='bbox 694 1279 843 1347; x_wconf 74' lang='lat' dir='ltr'><strong>deponatur</strong></span> <span class='ocrx_word' id='word_1_93' title='bbox 856 1277 923 1328; x_wconf 76' lang='lat' dir='ltr'><strong>mix·</strong></span> 
     </span>
     <span class='ocr_line' id='line_1_13' title="bbox 53 1359 920 1433; baseline 0.012 -30"><span class='ocrx_word' id='word_1_94' title='bbox 53 1361 97 1406; x_wconf 87' lang='lat' dir='ltr'><strong>tura</strong></span> <span class='ocrx_word' id='word_1_95' title='bbox 112 1359 153 1426; x_wconf 84' lang='lat' dir='ltr'><strong>per</strong></span> <span class='ocrx_word' id='word_1_96' title='bbox 167 1363 265 1432; x_wconf 86' lang='lat' dir='ltr'><strong>aliquot</strong></span> <span class='ocrx_word' id='word_1_97' title='bbox 281 1371 383 1433; x_wconf 85' lang='lat' dir='ltr'><strong>tempus</strong></span> <span class='ocrx_word' id='word_1_98' title='bbox 399 1364 427 1414; x_wconf 87' lang='lat' dir='ltr'><strong>in</strong></span> <span class='ocrx_word' id='word_1_99' title='bbox 444 1364 501 1415; x_wconf 90' lang='lat' dir='ltr'><strong>loco</strong></span> <span class='ocrx_word' id='word_1_100' title='bbox 519 1364 611 1417; x_wconf 84' lang='lat' dir='ltr'><strong>calido.</strong></span> <span class='ocrx_word' id='word_1_101' title='bbox 629 1364 697 1416; x_wconf 90' lang='lat' dir='ltr'><strong>Octo</strong></span> <span class='ocrx_word' id='word_1_102' title='bbox 715 1365 791 1430; x_wconf 87' lang='lat' dir='ltr'><strong>hujus</strong></span> <span class='ocrx_word' id='word_1_103' title='bbox 810 1363 920 1432; x_wconf 71' lang='lat' dir='ltr'><strong>solutio-</strong></span> 
     </span>
     <span class='ocr_line' id='line_1_14' title="bbox 53 1440 918 1518; baseline 0.009 -28"><span class='ocrx_word' id='word_1_104' title='bbox 53 1440 175 1497; x_wconf 84' lang='lat' dir='ltr'><strong>uisnnciae</strong></span> <span class='ocrx_word' id='word_1_105' title='bbox 191 1449 326 1499; x_wconf 81' lang='lat' dir='ltr'><strong>continent</strong></span> <span class='ocrx_word' id='word_1_106' title='bbox 343 1447 490 1512; x_wconf 69' lang='lat' dir='ltr'><strong>toro-4008</strong></span> <span class='ocrx_word' id='word_1_107' title='bbox 508 1451 638 1518; x_wconf 69' lang='lat' dir='ltr'><strong>guttulas,</strong></span> <span class='ocrx_word' id='word_1_108' title='bbox 663 1449 795 1518; x_wconf 84' lang='lat' dir='ltr'><strong>quaelibet</strong></span> <span class='ocrx_word' id='word_1_109' title='bbox 816 1447 918 1516; x_wconf 77' lang='lat' dir='ltr'><strong>guttula</strong></span> 
     </span>
     <span class='ocr_line' id='line_1_15' title="bbox 53 1532 919 1602; baseline 0.01 -25"><span class='ocrx_word' id='word_1_110' title='bbox 53 1535 119 1580; x_wconf 80' lang='lat' dir='ltr'><strong>autem</strong></span> <span class='ocrx_word' id='word_1_111' title='bbox 135 1532 164 1598; x_wconf 76' lang='lat'><strong>76</strong></span> <span class='ocrx_word' id='word_1_112' title='bbox 179 1543 277 1602; x_wconf 85' lang='lat' dir='ltr'><strong>partem</strong></span> <span class='ocrx_word' id='word_1_113' title='bbox 291 1535 362 1602; x_wconf 85' lang='lat' dir='ltr'><strong>grani</strong></span> <span class='ocrx_word' id='word_1_114' title='bbox 376 1535 452 1586; x_wconf 89' lang='lat' dir='ltr'><strong>unius</strong></span> <span class='ocrx_word' id='word_1_115' title='bbox 464 1535 515 1586; x_wconf 82' lang='lat' dir='ltr'><strong>kall</strong></span> <span class='ocrx_word' id='word_1_116' title='bbox 530 1537 648 1586; x_wconf 81' lang='lat' dir='ltr'><strong>arsenici.</strong></span> <span class='ocrx_word' id='word_1_117' title='bbox 661 1537 727 1588; x_wconf 78' lang='lat' dir='ltr'><strong>Dos.</strong></span> <span class='ocrx_word' id='word_1_118' title='bbox 745 1543 809 1602; x_wconf 78' lang='lat' dir='ltr'><strong>gott.</strong></span> <span class='ocrx_word' id='word_1_119' title='bbox 823 1534 919 1602; x_wconf 82' lang='lat' dir='ltr'><strong>Vj-XV</strong></span> 
     </span>
     <span class='ocr_line' id='line_1_16' title="bbox 53 1610 918 1692; baseline 0.013 -33"><span class='ocrx_word' id='word_1_120' title='bbox 53 1610 73 1660; x_wconf 91' lang='lat' dir='ltr'><strong>in</strong></span> <span class='ocrx_word' id='word_1_121' title='bbox 86 1630 142 1683; x_wconf 86' lang='lat' dir='ltr'><strong>aqua</strong></span> <span class='ocrx_word' id='word_1_122' title='bbox 155 1617 291 1671; x_wconf 82' lang='lat' dir='ltr'><strong>destillata.</strong></span> <span class='ocrx_word' id='word_1_123' title='bbox 316 1619 387 1670; x_wconf 85' lang='lat' dir='ltr'><strong>luter</strong></span> <span class='ocrx_word' id='word_1_124' title='bbox 410 1637 482 1672; x_wconf 87' lang='lat' dir='ltr'><strong>usum</strong></span> <span class='ocrx_word' id='word_1_125' title='bbox 507 1621 636 1672; x_wconf 78' lang='lat' dir='ltr'><strong>misturae</strong></span> <span class='ocrx_word' id='word_1_126' title='bbox 658 1635 718 1670; x_wconf 84' lang='lat' dir='ltr'><strong>snae</strong></span> <span class='ocrx_word' id='word_1_127' title='bbox 736 1622 819 1670; x_wconf 83' lang='lat' dir='ltr'><strong>Brera</strong></span> <span class='ocrx_word' id='word_1_128' title='bbox 835 1621 918 1692; x_wconf 79' lang='lat' dir='ltr'><strong>spatio</strong></span> 
     </span>
     <span class='ocr_line' id='line_1_17' title="bbox 50 1705 921 1774; baseline 0.009 -26"><span class='ocrx_word' id='word_1_129' title='bbox 50 1708 142 1766; x_wconf 87' lang='lat' dir='ltr'><strong>quatuor</strong></span> <span class='ocrx_word' id='word_1_130' title='bbox 157 1721 281 1756; x_wconf 85' lang='lat' dir='ltr'><strong>annorum</strong></span> <span class='ocrx_word' id='word_1_131' title='bbox 298 1723 431 1774; x_wconf 85' lang='lat' dir='ltr'><strong>nunquam</strong></span> <span class='ocrx_word' id='word_1_132' title='bbox 449 1706 596 1762; x_wconf 70' lang='lat' dir='ltr'><strong>observavit</strong></span> <span class='ocrx_word' id='word_1_133' title='bbox 617 1705 744 1756; x_wconf 82' lang='lat' dir='ltr'><strong>levissima</strong></span> <span class='ocrx_word' id='word_1_134' title='bbox 761 1713 921 1772; x_wconf 80' lang='lat' dir='ltr'><strong>symptoma-</strong></span> 
     </span>
    </p>
   </div>
   <div class='ocr_carea' id='block_1_3' title="bbox 51 1781 1020 1860">
    <p class='ocr_par' dir='ltr' id='par_1_3' title="bbox 51 1781 1020 1860">
     <span class='ocr_line' id='line_1_18' title="bbox 51 1781 1020 1860; baseline -0.007 -14"><span class='ocrx_word' id='word_1_135' title='bbox 51 1789 371 1860; x_wconf 63' lang='lat' dir='ltr'><strong>ia2(praeritaeperieulum</strong></span> <span class='ocrx_word' id='word_1_136' title='bbox 380 1790 554 1859; x_wconf 82' lang='lat' dir='ltr'><strong>portendunt,</strong></span> <span class='ocrx_word' id='word_1_137' title='bbox 569 1790 640 1859; x_wconf 87' lang='lat' dir='ltr'><strong>quod</strong></span> <span class='ocrx_word' id='word_1_138' title='bbox 648 1789 810 1840; x_wconf 84' lang='lat' dir='ltr'><strong>disertissime</strong></span> <span class='ocrx_word' id='word_1_139' title='bbox 819 1789 918 1840; x_wconf 75' lang='lat' dir='ltr'><strong>Horten</strong></span> <span class='ocrx_word' id='word_1_140' title='bbox 1017 1781 1020 1788; x_wconf 50' lang='lat'><strong>⁴</strong></span> 
     </span>
    </p>
   </div>
   <div class='ocr_carea' id='block_1_4' title="bbox 28 1873 921 3506">
    <p class='ocr_par' dir='ltr' id='par_1_4' title="bbox 28 1873 921 3506">
     <span class='ocr_line' id='line_1_19' title="bbox 50 1873 919 1948; baseline 0.007 -26"><span class='ocrx_word' id='word_1_141' title='bbox 50 1873 178 1944; x_wconf 77' lang='lat' dir='ltr'><strong>coufirmat,</strong></span> <span class='ocrx_word' id='word_1_142' title='bbox 195 1875 285 1930; x_wconf 80' lang='lat' dir='ltr'><strong>eadem</strong></span> <span class='ocrx_word' id='word_1_143' title='bbox 303 1895 385 1948; x_wconf 85' lang='lat' dir='ltr'><strong>aeque</strong></span> <span class='ocrx_word' id='word_1_144' title='bbox 404 1878 512 1930; x_wconf 74' lang='lat' dir='ltr'><strong>feliciter</strong></span> <span class='ocrx_word' id='word_1_145' title='bbox 529 1895 590 1929; x_wconf 82' lang='lat' dir='ltr'><strong>urus</strong></span> <span class='ocrx_word' id='word_1_146' title='bbox 607 1878 634 1928; x_wconf 90' lang='lat' dir='ltr'><strong>in</strong></span> <span class='ocrx_word' id='word_1_147' title='bbox 652 1877 800 1928; x_wconf 90' lang='lat' dir='ltr'><strong>nosocomio</strong></span> <span class='ocrx_word' id='word_1_148' title='bbox 815 1875 919 1928; x_wconf 85' lang='lat' dir='ltr'><strong>militari</strong></span> 
     </span>
     <span class='ocr_line' id='line_1_20' title="bbox 51 1955 918 2030; baseline 0.014 -26"><span class='ocrx_word' id='word_1_149' title='bbox 51 1955 151 2030; x_wconf 80' lang='lat' dir='ltr'><strong>Erlangae</strong></span> <span class='ocrx_word' id='word_1_150' title='bbox 175 1967 310 2018; x_wconf 74' lang='lat' dir='ltr'><strong>instructo·</strong></span> <span class='ocrx_word' id='word_1_151' title='bbox 336 1964 437 2016; x_wconf 62' lang='lat' dir='ltr'><strong>Pinare</strong></span> <span class='ocrx_word' id='word_1_152' title='bbox 462 1965 577 2017; x_wconf 74' lang='lat' dir='ltr'><strong>arrenici</strong></span> <span class='ocrx_word' id='word_1_153' title='bbox 598 1965 720 2016; x_wconf 79' lang='lat' dir='ltr'><strong>Bnrtnni.</strong></span> <span class='ocrx_word' id='word_1_154' title='bbox 749 1964 779 2016; x_wconf 87' lang='lat' dir='ltr'><strong>ll.</strong></span> <span class='ocrx_word' id='word_1_155' title='bbox 802 1961 918 2016; x_wconf 76' lang='lat' dir='ltr'><strong>Arsenlci</strong></span> 
     </span>
     <span class='ocr_line' id='line_1_21' title="bbox 51 2043 921 2122; baseline -0.002 -18"><span class='ocrx_word' id='word_1_156' title='bbox 51 2043 89 2097; x_wconf 80' lang='lat' dir='ltr'><strong>athi</strong></span> <span class='ocrx_word' id='word_1_157' title='bbox 103 2067 134 2117; x_wconf 77' lang='lat' dir='ltr'><strong>gt.</strong></span> <span class='ocrx_word' id='word_1_158' title='bbox 150 2055 158 2119; x_wconf 86' lang='lat' dir='ltr'><strong>j</strong></span> <span class='ocrx_word' id='word_1_159' title='bbox 176 2055 225 2122; x_wconf 90' lang='lat' dir='ltr'><strong>opii</strong></span> <span class='ocrx_word' id='word_1_160' title='bbox 239 2071 279 2120; x_wconf 75' lang='lat' dir='ltr'><strong>gr.</strong></span> <span class='ocrx_word' id='word_1_161' title='bbox 296 2051 445 2120; x_wconf 79' lang='lat' dir='ltr'><strong>lv·Vj-vjjj</strong></span> <span class='ocrx_word' id='word_1_162' title='bbox 464 2069 552 2121; x_wconf 83' lang='lat' dir='ltr'><strong>sapon.</strong></span> <span class='ocrx_word' id='word_1_163' title='bbox 577 2051 696 2104; x_wconf 84' lang='lat' dir='ltr'><strong>medicat.</strong></span> <span class='ocrx_word' id='word_1_164' title='bbox 725 2059 771 2104; x_wconf 86' lang='lat' dir='ltr'><strong>aut</strong></span> <span class='ocrx_word' id='word_1_165' title='bbox 791 2051 874 2104; x_wconf 87' lang='lat' dir='ltr'><strong>mellis</strong></span> <span class='ocrx_word' id='word_1_166' title='bbox 891 2068 921 2121; x_wconf 55' lang='lat' dir='ltr'><strong>qs</strong></span> 
     </span>
     <span class='ocr_line' id='line_1_22' title="bbox 50 2133 919 2206; baseline 0.005 -22"><span class='ocrx_word' id='word_1_167' title='bbox 50 2133 105 2184; x_wconf 71' lang='lat' dir='ltr'><strong>tad</strong></span> <span class='ocrx_word' id='word_1_168' title='bbox 119 2135 258 2190; x_wconf 85' lang='lat' dir='ltr'><strong>formandas</strong></span> <span class='ocrx_word' id='word_1_169' title='bbox 275 2136 368 2206; x_wconf 84' lang='lat' dir='ltr'><strong>pilulas</strong></span> <span class='ocrx_word' id='word_1_170' title='bbox 385 2155 425 2189; x_wconf 85' lang='lat' dir='ltr'><strong>nr.</strong></span> <span class='ocrx_word' id='word_1_171' title='bbox 442 2137 560 2188; x_wconf 81' lang='lat' dir='ltr'><strong>sedecim.</strong></span> <span class='ocrx_word' id='word_1_172' title='bbox 574 2139 642 2190; x_wconf 76' lang='lat' dir='ltr'><strong>Dos.</strong></span> <span class='ocrx_word' id='word_1_173' title='bbox 655 2137 728 2190; x_wconf 87' lang='lat' dir='ltr'><strong>intra</strong></span> <span class='ocrx_word' id='word_1_174' title='bbox 740 2137 816 2190; x_wconf 75' lang='lat' dir='ltr'><strong>bores</strong></span> <span class='ocrx_word' id='word_1_175' title='bbox 831 2135 919 2188; x_wconf 83' lang='lat' dir='ltr'>XXIV</span> 
     </span>
     <span class='ocr_line' id='line_1_23' title="bbox 51 2212 919 2294; baseline 0 -20"><span class='ocrx_word' id='word_1_176' title='bbox 51 2221 144 2288; x_wconf 66' lang='lat' dir='ltr'><strong>limpore</strong></span> <span class='ocrx_word' id='word_1_177' title='bbox 160 2212 296 2294; x_wconf 72' lang='lat' dir='ltr'><strong>approxiae</strong></span> <span class='ocrx_word' id='word_1_178' title='bbox 316 2223 357 2274; x_wconf 85' lang='lat' dir='ltr'><strong>bis</strong></span> <span class='ocrx_word' id='word_1_179' title='bbox 378 2231 406 2275; x_wconf 90' lang='lat' dir='ltr'><strong>et</strong></span> <span class='ocrx_word' id='word_1_180' title='bbox 427 2223 460 2276; x_wconf 88' lang='lat' dir='ltr'><strong>ad</strong></span> <span class='ocrx_word' id='word_1_181' title='bbox 484 2241 613 2276; x_wconf 84' lang='lat' dir='ltr'><strong>summum</strong></span> <span class='ocrx_word' id='word_1_182' title='bbox 640 2232 748 2293; x_wconf 84' lang='lat' dir='ltr'><strong>qnater,</strong></span> <span class='ocrx_word' id='word_1_183' title='bbox 777 2232 804 2276; x_wconf 86' lang='lat' dir='ltr'><strong>et</strong></span> <span class='ocrx_word' id='word_1_184' title='bbox 829 2223 919 2292; x_wconf 85' lang='lat' dir='ltr'><strong>quavis</strong></span> 
     </span>
     <span class='ocr_line' id='line_1_24' title="bbox 28 2305 918 2386; baseline 0 -26"><span class='ocrx_word' id='word_1_185' title='bbox 28 2305 92 2386; x_wconf 56' lang='lat' dir='ltr'><strong>¹titt</strong></span> <span class='ocrx_word' id='word_1_186' title='bbox 105 2327 176 2362; x_wconf 88' lang='lat' dir='ltr'><strong>unam</strong></span> <span class='ocrx_word' id='word_1_187' title='bbox 192 2310 314 2378; x_wconf 79' lang='lat' dir='ltr'><strong>deglutiri</strong></span> <span class='ocrx_word' id='word_1_188' title='bbox 336 2307 410 2378; x_wconf 84' lang='lat' dir='ltr'><strong>jabet</strong></span> <span class='ocrx_word' id='word_1_189' title='bbox 431 2319 514 2362; x_wconf 88' lang='lat' dir='ltr'><strong>autor.</strong></span> <span class='ocrx_word' id='word_1_190' title='bbox 534 2310 582 2378; x_wconf 63' lang='lat' dir='ltr'><strong>ss,</strong></span> <span class='ocrx_word' id='word_1_191' title='bbox 597 2320 683 2379; x_wconf 80' lang='lat' dir='ltr'><strong>partes</strong></span> <span class='ocrx_word' id='word_1_192' title='bbox 708 2312 779 2376; x_wconf 85' lang='lat' dir='ltr'><strong>grani</strong></span> <span class='ocrx_word' id='word_1_193' title='bbox 802 2311 918 2381; x_wconf 86' lang='lat' dir='ltr'><strong>plurimie</strong></span> 
     </span>
     <span class='ocr_line' id='line_1_25' title="bbox 51 2395 921 2466; baseline 0.002 -23"><span class='ocrx_word' id='word_1_194' title='bbox 51 2395 137 2456; x_wconf 60' lang='lat' dir='ltr'><strong>aegrotis</strong></span> <span class='ocrx_word' id='word_1_195' title='bbox 152 2396 177 2447; x_wconf 92' lang='lat' dir='ltr'><strong>in</strong></span> <span class='ocrx_word' id='word_1_196' title='bbox 194 2395 312 2466; x_wconf 80' lang='lat' dir='ltr'><strong>qualibet</strong></span> <span class='ocrx_word' id='word_1_197' title='bbox 324 2395 445 2464; x_wconf 76' lang='lat' dir='ltr'><strong>apyrexia</strong></span> <span class='ocrx_word' id='word_1_198' title='bbox 458 2395 628 2448; x_wconf 83' lang='lat' dir='ltr'><strong>rnfficiebant.</strong></span> <span class='ocrx_word' id='word_1_199' title='bbox 643 2395 800 2460; x_wconf 82' lang='lat' dir='ltr'><strong>infantibus,</strong></span> <span class='ocrx_word' id='word_1_200' title='bbox 821 2396 866 2464; x_wconf 89' lang='lat' dir='ltr'><strong>qui</strong></span> <span class='ocrx_word' id='word_1_201' title='bbox 879 2395 921 2463; x_wconf 75' lang='lat' dir='ltr'><strong>pi..</strong></span> 
     </span>
     <span class='ocr_line' id='line_1_26' title="bbox 49 2474 919 2550; baseline 0.01 -27"><span class='ocrx_word' id='word_1_202' title='bbox 49 2474 98 2530; x_wconf 80' lang='lat' dir='ltr'><strong>lrln</strong></span> <span class='ocrx_word' id='word_1_203' title='bbox 112 2499 162 2534; x_wconf 88' lang='lat' dir='ltr'><strong>non</strong></span> <span class='ocrx_word' id='word_1_204' title='bbox 177 2484 304 2536; x_wconf 74' lang='lat' dir='ltr'><strong>devorare</strong></span> <span class='ocrx_word' id='word_1_205' title='bbox 319 2483 421 2548; x_wconf 85' lang='lat' dir='ltr'><strong>solent,</strong></span> <span class='ocrx_word' id='word_1_206' title='bbox 447 2483 600 2536; x_wconf 73' lang='lat' dir='ltr'><strong>solutionem</strong></span> <span class='ocrx_word' id='word_1_207' title='bbox 627 2499 723 2533; x_wconf 84' lang='lat' dir='ltr'><strong>massae</strong></span> <span class='ocrx_word' id='word_1_208' title='bbox 749 2482 864 2550; x_wconf 82' lang='lat' dir='ltr'><strong>pilularia</strong></span> <span class='ocrx_word' id='word_1_209' title='bbox 891 2482 919 2532; x_wconf 84' lang='lat' dir='ltr'><strong>in</strong></span> 
     </span>
     <span class='ocr_line' id='line_1_27' title="bbox 51 2567 919 2640; baseline 0.007 -26"><span class='ocrx_word' id='word_1_210' title='bbox 51 2569 178 2637; x_wconf 78' lang='lat' dir='ltr'><strong>mutilagine</strong></span> <span class='ocrx_word' id='word_1_211' title='bbox 195 2573 294 2640; x_wconf 81' lang='lat' dir='ltr'><strong>gummi</strong></span> <span class='ocrx_word' id='word_1_212' title='bbox 310 2572 431 2623; x_wconf 87' lang='lat' dir='ltr'><strong>mimosae</strong></span> <span class='ocrx_word' id='word_1_213' title='bbox 449 2579 508 2639; x_wconf 91' lang='lat' dir='ltr'><strong>apta</strong></span> <span class='ocrx_word' id='word_1_214' title='bbox 529 2569 583 2622; x_wconf 83' lang='lat' dir='ltr'><strong>desi</strong></span> <span class='ocrx_word' id='word_1_215' title='bbox 608 2569 762 2638; x_wconf 83' lang='lat' dir='ltr'><strong>propinavit.</strong></span> <span class='ocrx_word' id='word_1_216' title='bbox 774 2631 776 2634; x_wconf 86' lang='lat'>.</span> <span class='ocrx_word' id='word_1_217' title='bbox 789 2567 843 2618; x_wconf 84' lang='lat' dir='ltr'><strong>Mel</strong></span> <span class='ocrx_word' id='word_1_218' title='bbox 864 2586 919 2620; x_wconf 85' lang='lat' dir='ltr'><strong>non</strong></span> 
     </span>
     <span class='ocr_line' id='line_1_28' title="bbox 50 2643 918 2727; baseline 0.009 -27"><span class='ocrx_word' id='word_1_219' title='bbox 50 2653 162 2724; x_wconf 83' lang='lat' dir='ltr'><strong>adderem,</strong></span> <span class='ocrx_word' id='word_1_220' title='bbox 181 2679 242 2712; x_wconf 89' lang='lat' dir='ltr'><strong>cnm</strong></span> <span class='ocrx_word' id='word_1_221' title='bbox 260 2661 418 2722; x_wconf 80' lang='lat' dir='ltr'><strong>arsenicum,</strong></span> <span class='ocrx_word' id='word_1_222' title='bbox 437 2658 695 2727; x_wconf 85' lang='lat' dir='ltr'><strong>quantulumcunque</strong></span> <span class='ocrx_word' id='word_1_223' title='bbox 712 2643 765 2719; x_wconf 79' lang='lat' dir='ltr'><strong>iit,</strong></span> <span class='ocrx_word' id='word_1_224' title='bbox 794 2672 918 2708; x_wconf 80' lang='lat' dir='ltr'><strong>exacuere</strong></span> 
     </span>
     <span class='ocr_line' id='line_1_29' title="bbox 50 2745 915 2817; baseline -0.001 -22"><span class='ocrx_word' id='word_1_225' title='bbox 50 2749 131 2811; x_wconf 77' lang='lat' dir='ltr'><strong>potest,</strong></span> <span class='ocrx_word' id='word_1_226' title='bbox 147 2747 191 2798; x_wconf 83' lang='lat' dir='ltr'><strong>red</strong></span> <span class='ocrx_word' id='word_1_227' title='bbox 208 2748 310 2817; x_wconf 83' lang='lat' dir='ltr'><strong>saponis</strong></span> <span class='ocrx_word' id='word_1_228' title='bbox 323 2747 422 2814; x_wconf 82' lang='lat' dir='ltr'><strong>copiam</strong></span> <span class='ocrx_word' id='word_1_229' title='bbox 435 2746 470 2798; x_wconf 94' lang='lat' dir='ltr'><strong>ob</strong></span> <span class='ocrx_word' id='word_1_230' title='bbox 483 2746 536 2798; x_wconf 86' lang='lat' dir='ltr'><strong>rim</strong></span> <span class='ocrx_word' id='word_1_231' title='bbox 548 2747 602 2810; x_wconf 84' lang='lat' dir='ltr'><strong>ejus</strong></span> <span class='ocrx_word' id='word_1_232' title='bbox 616 2745 774 2810; x_wconf 74' lang='lat' dir='ltr'><strong>mingentem</strong></span> <span class='ocrx_word' id='word_1_233' title='bbox 789 2759 915 2810; x_wconf 78' lang='lat' dir='ltr'><strong>augerem.</strong></span> 
     </span>
     <span class='ocr_line' id='line_1_30' title="bbox 50 2811 917 2906; baseline 0.002 -24"><span class='ocrx_word' id='word_1_234' title='bbox 50 2824 150 2893; x_wconf 78' lang='lat' dir='ltr'><strong>Quemvis</strong></span> <span class='ocrx_word' id='word_1_235' title='bbox 167 2835 274 2906; x_wconf 84' lang='lat' dir='ltr'><strong>quidem</strong></span> <span class='ocrx_word' id='word_1_236' title='bbox 291 2833 467 2885; x_wconf 86' lang='lat' dir='ltr'><strong>contradicere</strong></span> <span class='ocrx_word' id='word_1_237' title='bbox 484 2833 579 2884; x_wconf 88' lang='lat' dir='ltr'><strong>nollem</strong></span> <span class='ocrx_word' id='word_1_238' title='bbox 590 2811 799 2886; x_wconf 44' lang='lat' dir='ltr'><strong>”aestimatiseimo</strong></span> <span class='ocrx_word' id='word_1_239' title='bbox 820 2832 917 2884; x_wconf 75' lang='lat' dir='ltr'><strong>Barro-</strong></span> 
     </span>
     <span class='ocr_line' id='line_1_31' title="bbox 49 2913 916 2980; baseline 0.002 -12"><span class='ocrx_word' id='word_1_240' title='bbox 49 2913 96 2980; x_wconf 74' lang='lat' dir='ltr'><strong>uto,</strong></span> <span class='ocrx_word' id='word_1_241' title='bbox 110 2922 249 2972; x_wconf 84' lang='lat' dir='ltr'><strong>arsenicum</strong></span> <span class='ocrx_word' id='word_1_242' title='bbox 267 2918 453 2970; x_wconf 82' lang='lat' dir='ltr'><strong>insubstantia</strong></span> <span class='ocrx_word' id='word_1_243' title='bbox 473 2919 568 2970; x_wconf 87' lang='lat' dir='ltr'><strong>certine</strong></span> <span class='ocrx_word' id='word_1_244' title='bbox 585 2917 675 2970; x_wconf 85' lang='lat' dir='ltr'><strong>febrim</strong></span> <span class='ocrx_word' id='word_1_245' title='bbox 699 2918 916 2970; x_wconf 80' lang='lat' dir='ltr'><strong>intermittentenr</strong></span> 
     </span>
     <span class='ocr_line' id='line_1_32' title="bbox 49 3002 919 3074; baseline -0.006 -16"><span class='ocrx_word' id='word_1_246' title='bbox 49 3002 187 3072; x_wconf 74' lang='lat' dir='ltr'><strong>⁰pprlmere,</strong></span> <span class='ocrx_word' id='word_1_247' title='bbox 205 3015 234 3057; x_wconf 89' lang='lat' dir='ltr'><strong>et</strong></span> <span class='ocrx_word' id='word_1_248' title='bbox 250 3005 365 3074; x_wconf 76' lang='lat' dir='ltr'><strong>quamvis</strong></span> <span class='ocrx_word' id='word_1_249' title='bbox 384 3012 485 3072; x_wconf 79' lang='lat' dir='ltr'><strong>egomet</strong></span> <span class='ocrx_word' id='word_1_250' title='bbox 503 3008 556 3073; x_wconf 87' lang='lat' dir='ltr'><strong>ipse</strong></span> <span class='ocrx_word' id='word_1_251' title='bbox 573 3005 667 3066; x_wconf 86' lang='lat' dir='ltr'><strong>pilulae</strong></span> <span class='ocrx_word' id='word_1_252' title='bbox 681 3005 727 3056; x_wconf 83' lang='lat' dir='ltr'><strong>hae</strong></span> <span class='ocrx_word' id='word_1_253' title='bbox 745 3004 860 3056; x_wconf 86' lang='lat' dir='ltr'><strong>arsenico</strong></span> <span class='ocrx_word' id='word_1_254' title='bbox 878 3021 919 3054; x_wconf 82' lang='lat' dir='ltr'><strong>sa-</strong></span> 
     </span>
     <span class='ocr_line' id='line_1_33' title="bbox 48 3089 917 3161; baseline 0.006 -24"><span class='ocrx_word' id='word_1_255' title='bbox 48 3098 133 3149; x_wconf 79' lang='lat' dir='ltr'><strong>poratas</strong></span> <span class='ocrx_word' id='word_1_256' title='bbox 147 3092 175 3142; x_wconf 88' lang='lat' dir='ltr'><strong>in</strong></span> <span class='ocrx_word' id='word_1_257' title='bbox 192 3109 253 3144; x_wconf 82' lang='lat' dir='ltr'><strong>casu</strong></span> <span class='ocrx_word' id='word_1_258' title='bbox 270 3091 488 3161; x_wconf 75' lang='lat' dir='ltr'><strong>pertinacissimo,</strong></span> <span class='ocrx_word' id='word_1_259' title='bbox 515 3091 559 3160; x_wconf 86' lang='lat' dir='ltr'><strong>qui</strong></span> <span class='ocrx_word' id='word_1_260' title='bbox 577 3091 717 3144; x_wconf 87' lang='lat' dir='ltr'><strong>cincbnuee</strong></span> <span class='ocrx_word' id='word_1_261' title='bbox 742 3089 917 3160; x_wconf 82' lang='lat' dir='ltr'><strong>repugnabat,</strong></span> 
     </span>
     <span class='ocr_line' id='line_1_34' title="bbox 49 3175 920 3247; baseline 0.002 -21"><span class='ocrx_word' id='word_1_262' title='bbox 49 3177 152 3230; x_wconf 74' lang='lat' dir='ltr'><strong>tonsum</strong></span> <span class='ocrx_word' id='word_1_263' title='bbox 168 3179 267 3247; x_wconf 88' lang='lat' dir='ltr'><strong>optimo</strong></span> <span class='ocrx_word' id='word_1_264' title='bbox 284 3177 377 3228; x_wconf 90' lang='lat' dir='ltr'><strong>effectu</strong></span> <span class='ocrx_word' id='word_1_265' title='bbox 396 3175 524 3241; x_wconf 85' lang='lat' dir='ltr'><strong>dederim,</strong></span> <span class='ocrx_word' id='word_1_266' title='bbox 543 3177 685 3228; x_wconf 82' lang='lat' dir='ltr'><strong>solutiones</strong></span> <span class='ocrx_word' id='word_1_267' title='bbox 703 3176 868 3239; x_wconf 83' lang='lat' dir='ltr'><strong>arsenicales,</strong></span> <span class='ocrx_word' id='word_1_268' title='bbox 892 3183 920 3228; x_wconf 88' lang='lat' dir='ltr'><strong>et</strong></span> 
     </span>
     <span class='ocr_line' id='line_1_35' title="bbox 49 3262 919 3332; baseline -0.008 -11"><span class='ocrx_word' id='word_1_269' title='bbox 49 3263 165 3330; x_wconf 63' lang='lat' dir='ltr'><strong>naedpue</strong></span> <span class='ocrx_word' id='word_1_270' title='bbox 182 3264 305 3316; x_wconf 84' lang='lat' dir='ltr'><strong>arsenatis</strong></span> <span class='ocrx_word' id='word_1_271' title='bbox 321 3271 455 3332; x_wconf 87' lang='lat' dir='ltr'><strong>potassae,</strong></span> <span class='ocrx_word' id='word_1_272' title='bbox 479 3263 522 3316; x_wconf 80' lang='lat' dir='ltr'><strong>vel</strong></span> <span class='ocrx_word' id='word_1_273' title='bbox 545 3263 621 3316; x_wconf 81' lang='lat' dir='ltr'><strong>rodae</strong></span> <span class='ocrx_word' id='word_1_274' title='bbox 638 3263 758 3316; x_wconf 85' lang='lat' dir='ltr'><strong>omnibns</strong></span> <span class='ocrx_word' id='word_1_275' title='bbox 775 3262 830 3312; x_wconf 86' lang='lat' dir='ltr'><strong>aliis</strong></span> <span class='ocrx_word' id='word_1_276' title='bbox 847 3279 919 3314; x_wconf 85' lang='lat' dir='ltr'><strong>com·</strong></span> 
     </span>
     <span class='ocr_line' id='line_1_36' title="bbox 48 3345 921 3420; baseline 0.003 -23"><span class='ocrx_word' id='word_1_277' title='bbox 48 3345 213 3416; x_wconf 82' lang='lat' dir='ltr'><strong>positionibus,</strong></span> <span class='ocrx_word' id='word_1_278' title='bbox 231 3350 410 3420; x_wconf 85' lang='lat' dir='ltr'><strong>praeferendas</strong></span> <span class='ocrx_word' id='word_1_279' title='bbox 427 3365 481 3402; x_wconf 81' lang='lat' dir='ltr'><strong>cese</strong></span> <span class='ocrx_word' id='word_1_280' title='bbox 498 3359 562 3419; x_wconf 87' lang='lat' dir='ltr'><strong>puto</strong></span> <span class='ocrx_word' id='word_1_281' title='bbox 579 3360 606 3403; x_wconf 89' lang='lat' dir='ltr'><strong>et</strong></span> <span class='ocrx_word' id='word_1_282' title='bbox 624 3349 761 3408; x_wconf 84' lang='lat' dir='ltr'><strong>contendo.</strong></span> <span class='ocrx_word' id='word_1_283' title='bbox 774 3349 837 3413; x_wconf 79' lang='lat' dir='ltr'><strong>vir,</strong></span> <span class='ocrx_word' id='word_1_284' title='bbox 856 3349 921 3400; x_wconf 83' lang='lat' dir='ltr'><strong>febri</strong></span> 
     </span>
     <span class='ocr_line' id='line_1_37' title="bbox 46 3425 920 3506; baseline -0.002 -18"><span class='ocrx_word' id='word_1_285' title='bbox 46 3425 402 3503; x_wconf 59' lang='lat' dir='ltr'><strong>nsuam‘tahoram,&#39;insoi0</strong></span> <span class='ocrx_word' id='word_1_286' title='bbox 418 3433 535 3502; x_wconf 78' lang='lat' dir='ltr'><strong>Foderd,</strong></span> <span class='ocrx_word' id='word_1_287' title='bbox 560 3436 605 3506; x_wconf 81' lang='lat' dir='ltr'><strong>qui</strong></span> <span class='ocrx_word' id='word_1_288' title='bbox 624 3444 676 3488; x_wconf 85' lang='lat' dir='ltr'><strong>tres</strong></span> <span class='ocrx_word' id='word_1_289' title='bbox 693 3435 786 3505; x_wconf 85' lang='lat' dir='ltr'><strong>pilulas</strong></span> <span class='ocrx_word' id='word_1_290' title='bbox 804 3433 920 3486; x_wconf 82' lang='lat' dir='ltr'><strong>Bartcrrii</strong></span> 
     </span>
    </p>
   </div>
   <div class='ocr_carea' id='block_1_5' title="bbox 0 0 1176 4146">
    <p class='ocr_par' dir='ltr' id='par_1_5' title="bbox 0 0 1176 4146">
     <span class='ocr_line' id='line_1_38' title="bbox 0 0 1176 4146; baseline 0 0"><span class='ocrx_word' id='word_1_291' title='bbox 0 0 1176 4146; x_wconf 95' lang='lat' dir='ltr'><strong> </strong></span> 
     </span>
    </p>
   </div>
  </div>
 </body>
</html>
