2380 4154
245 216 296 309 ,nti
596 225 788 287 rnnararro

241 353 278 414 de
300 337 452 433 ejusdem·¹
465 351 562 412 indole
589 362 752 424 monstrat,
786 351 918 426 accedit,
955 352 1037 433 quod
1060 353 1135 412 mul·
1168 339 1169 360 ¹

241 468 342 514 torum
364 473 524 535 corporum
552 452 778 533 vegetabilium,
800 447 877 534 quac
899 452 929 512 in
952 474 1024 534 usus
1048 453 1136 535 phar·
1168 443 1169 448 ἵ

242 551 421 614 maceuticos
458 549 624 629 cesserunt,
650 552 817 634 originem,
849 555 1002 634 cujusnam
1030 556 1138 636 quippe

244 653 362 735 plantae
384 651 464 729 sint,
490 651 670 733 ignoremus.
703 653 780 713 Satis
801 653 869 714 hinc
891 657 944 713 nos
966 653 1071 713 fecisse
1094 675 1138 712 ar·
1168 639 1169 646 ἵ

239 755 411 830 'bitramur,
433 767 607 828 monentes,
642 761 710 834 post
736 774 845 814 nomen
870 750 901 812 in
930 751 1058 814 officinis
1080 753 1138 814 usi·

244 865 363 927 tatum,
393 873 503 913 nomen
534 855 681 914 Botanic'is
703 853 834 914 solenne.
869 851 1008 914 Auctoris
1027 873 1137 913 nomen

246 953 353 1016 sinon
384 953 554 1036 adjiciatur,
578 953 726 1015 'est-illud
746 953 974 1028 Linnueanttm,
1004 965 1136 1015 ceterum
1168 953 1169 1024 i

244 1075 282 1116 ex
303 1055 359 1114 alio
385 1054 410 1115 si
440 1055 528 1115 fuerit
554 1055 767 1138 desumptum,
802 1053 936 1116 Botaaici
963 1055 1076 1128 diserta
1108 1055 1138 1116 fit
1168 1101 1169 1108 κ

246 1154 368 1216 mentio.

214 1299 215 1302 η
279 1257 384 1330 'Unum
407 1267 541 1337 superest
577 1255 614 1316 ad
640 1251 786 1316 chemicas
808 1257 1048 1336 praeparationes
1070 1278 1138 1337 pro·

245 1360 355 1439 positas
376 1356 477 1438 paucis
499 1357 690 1418 monendmn.
710 1357 845 1438 'Spectat
865 1360 910 1416 ad·
924 1371 1105 1438 apparatum
1125 1379 1140 1415 a

246 1453 332 1517 uobis
353 1451 442 1516 variis
464 1451 535 1513 locis
556 1455 819 1528 commendatum,
841 1453 891 1512 ubi
912 1452 1010 1533 agitur
1030 1454 1071 1513 de
1084 1455 1141 1516 ool·
1168 1449 1169 1458 ’

212 1607 213 1610 ,
245 1551 369 1635 ligandis
389 1551 506 1632 fluidis,
539 1553 633 1614 forma
664 1555 811 1614 atiriformi
835 1553 890 1613 sub
917 1551 1140 1635 operationibus

246 1651 481 1736 prodeuntibus,
501 1654 550 1733 qui
571 1652 639 1712 inde
654 1653 691 1710 ab
705 1651 819 1732 aliquot
839 1655 919 1711 annis
933 1652 1067 1712 chemiae
1081 1655 1142 1714 cul·

246 1753 359 1815 toribus
373 1775 444 1814 usus
459 1751 606 1812 familiaris
621 1750 730 1828 evasit,
745 1774 761 1812 a
775 1750 924 1835 plerisque
938 1763 1039 1812 tamen
1055 1753 1143 1834 phar·

246 1853 411 1936 maco'polis
424 1851 603 1914 nostratibus
623 1850 655 1912 in
674 1853 753 1912 bunc
768 1873 864 1936 usque
878 1854 957 1912 diem
976 1852 1141 1934 negligitur,

247 1954 293 2016 nb
315 1957 466 2014 inventore
486 1965 643 2034 apparatus
657 1953 705 2014 ille
719 1952 924 2013 Wouiifianus
940 1951 1056 2012 dicitur.
1072 1955 1141 2015 Non

245 2057 421 2137 possumus,
455 2057 525 2134 quin
557 2057 633 2114 serio
667 2056 833 2134 iterumque
868 2053 943 2113 hanc
972 2051 1140 2116 machinam

246 2155 506 2226 commendemus,
526 2157 735 2235 potissimum,
764 2153 790 2212 si
811 2151 917 2233 majori
937 2151 1022 2234 copia
1044 2154 1142 2215 medi·

153 2335 155 2340 ,
245 2267 403 2331 camenta,
424 2253 461 2313 ad
483 2273 559 2333 quae
573 2253 648 2312 illius
662 2271 752 2313 usum
765 2251 969 2331 laudavimus,
991 2272 1051 2311 una
1067 2273 1141 2336 ope·

245 2356 359 2416 ratione
380 2353 589 2435 praeparanda
604 2364 682 2414 suut.
704 2341 999 2431 inveniuntur'vero,
1021 2353 1074 2435 qui
1090 2356 1141 2417 illo

245 2465 388 2536 apparatu
410 2473 469 2512 non
492 2463 637 2531 utuntur,
669 2473 739 2513 cum
770 2451 941 2513 difficilioris
962 2473 1031 2514 usus
1053 2455 1141 2516 illum

246 2554 383 2627 credant,
397 2565 465 2614 sunt
479 2555 545 2634 alii,
567 2554 652 2613 illum
661 2554 839 2634 negligentes
855 2567 974 2634 propter
988 2552 1142 2636 pretium,

245 2675 307 2737 quo
327 2654 449 2734 lagenae
468 2652 588 2714 bicolles
610 2665 641 2713 et
668 2641 817 2732 tricolles,
845 2654 953 2734 quibus
984 2658 1142 2735 componi·
1168 2661 1169 2664 ’

246 2767 321 2832 tur,
349 2766 484 2815 constare
504 2764 628 2836 putent3
664 2755 716 2814 sed
746 2776 816 2816 usus
837 2775 898 2815 non
922 2765 968 2816 est
989 2752 1141 2833 difficilis,

244 2851 301 2914 nisi
321 2852 497 2937 inexpertis,
518 2867 548 2916 et
568 2852 664 2937 pretio
685 2857 773 2916 etiam
796 2857 901 2936 exiguo
914 2853 1065 2936 parabilis.
1079 2857 1143 2918 Su·

244 2965 365 3014 mantus
385 2977 413 3018 v.
436 2977 463 3036 g.
485 2955 622 3036 lagenae,
639 2949 779 3035 'tulgares
791 2947 894 3033 riridi,
915 2953 961 3015 vel
977 2953 1046 3014 albo
1060 2957 1142 3018 vitro

243 3053 414 3129 coniectae,
438 3052 607 3136 capacitatis
634 3073 689 3135 pro
715 3050 947 3134 colligendorum
967 3054 1074 3132 copia,
1105 3078 1141 3117 ac

243 3154 387 3216 foramine
407 3155 596 3236 perforentur
609 3152 733 3236 simplici
746 3153 793 3214 vel
808 3153 935 3235 duplici,
956 3155 1037 3234 juxta
1053 3177 1141 3238 aper·

243 3265 343 3315 turam
364 3257 394 3314 in
414 3255 512 3331 collo;
546 3257 629 3316 vitrei
649 3253 734 3328 tubi,
766 3254 867 3336 quales
898 3253 937 3314 ad
964 3253 1141 3318 barometra

242 3355 425 3417 conficienda
446 3354 644 3432 adhibentur,
669 3357 699 3414 in
715 3343 854 3435 'siphones
875 3352 1141 3438 flectantur,-ejus

243 3474 420 3535 mensurae,
449 3465 485 3517 ut
504 3453 699 3517 foraminibus
723 3455 878 3534 in'iageuis
898 3453 980 3514 iactis
1000 3459 1140 3536 proxime
