2380 4154
229 229 263 304 '6
612 255 770 304 eumenis

276 367 406 450 Quilibet
425 368 516 449 igitur
535 368 669 428 medicus
689 369 732 428 ad
762 372 943 428 incrementa
964 373 1039 430 artis
1061 386 1129 431 stu·

230 457 357 549 diosus,
394 485 425 528 ut
456 467 536 528 leuno
565 469 738 528 thesaurum
768 471 1049 548 pharmaceuticum
1094 473 1129 530 in

232 569 410 650 bibliopoliis
440 570 623 632 Germaniae
644 569 728 628 citius
748 568 805 626 sili
825 588 1024 650 comparare,
1061 592 1129 631 me·

230 670 348 752 litesque
368 691 404 730 eo
425 675 468 730 uti
479 675 587 750 possit,
608 671 770 730 certissime
780 671 811 728 in
826 676 901 730 votis
915 673 1012 730 halet.
1032 669 1132 732 Hane

229 771 267 830 ob
287 789 413 832 eausam
435 791 571 830 recusum
593 773 693 850 offero
708 768 831 829 medicis
852 783 880 830 et
896 772 1125 851 pltarmaeeutis

228 889 297 928 enm
326 869 541 929 commentario
573 866 838 948 medico-practico
864 883 1020 948 perpetuo.
1051 871 1126 930 Jam

134 977 138 984 '
227 969 304 1028 olim
325 968 413 1027 multi
434 968 479 1028 rei
499 965 633 1026 medicae
661 969 751 1046 periti
779 967 948 1045 cogitarunt
967 967 1004 1028 de
1022 971 1122 1048 plear-

226 1085 394 1146 macopoea
417 1066 577 1125 universali
596 1064 797 1142 conficienda,
814 1067 976 1150 pluresque
990 1069 1125 1146 cogitata

227 1169 360 1228 exsecuti
379 1181 457 1226 sunt.
475 1165 544 1226 Nisi
553 1167 681 1245 fallor,
709 1167 740 1224 in
767 1185 804 1225 ea
825 1166 1036 1248 componenda
1062 1166 1081 1226 h
1104 1192 1120 1228 e

229 1269 311 1328 duae
340 1267 529 1349 potissimum
559 1267 636 1346 leges
665 1265 845 1326 sanciendae
865 1280 957 1346 sunt,
989 1181 1121 1349 quarrlm

228 1369 329 1429 altera
349 1369 424 1427 lineo
444 1368 495 1444 sit,
526 1363 609 1446 quod
635 1365 800 1450 seeundum
821 1363 958 1426 ordinem
980 1367 1009 1426 in
1028 1365 1124 1445 plior-

227 1465 399 1546 maeopoeis
432 1475 584 1545 receptum
624 1463 728 1524 omnia
753 1463 957 1524 medicamina
987 1485 1120 1546 unquam

207 1562 383 1639 'adhibitas
414 1566 473 1625 nisi
497 1567 590 1645 plane
615 1563 749 1624 absurda
768 1565 848 1644 sint,
880 1566 1121 1646 perlustrantur,

225 1668 339 1741 altera,
360 1662 445 1748 quod
461 1664 644 1746 efficaciora
657 1665 759 1743 fusius
779 1656 977 1744 enlu‘bentur,
999 1685 1119 1724 eorum-

226 1787 284 1846 que
304 1769 344 1825 vis
364 1779 392 1826 et
414 1785 484 1824 usas
504 1765 629 1824 breviter
649 1776 840 1822 enarrantur.
876 1762 1040 1822 Enaseitur
1060 1764 1118 1822 hoe

226 1865 317 1926 modo
328 1866 524 1946 repertorium
535 1862 949 1943 medico-pharmaceuticum
960 1903 968 1934 ,
982 1859 1025 1919 nd
1036 1860 1122 1941 qttod

224 1963 359 2026 medicus
375 1979 408 2026 et
425 1966 647 2044 phasinaeeuta
669 1964 698 2022 in
722 1967 821 2042 praxi
841 1961 1012 2023 exercenda
1033 1977 1061 2022 et
1081 1961 1119 2020 li·

225 2065 286 2125 bris
321 2063 451 2144 legendis
483 2083 648 2126 recurram.
687 2063 854 2136 Trillerus,
883 2062 1122 2139 Spielmannus‚

226 2165 395 2246 lewinus,
427 2161 624 2224 Swetliaurus
649 2177 678 2224 et
707 2163 874 2222 Duneanus
894 2159 1122 2240 dispensatoria

225 2266 404 2326 universalia
424 2267 682 2344 conscripserunt,·
710 2262 850 2322 Reussius
871 2273 899 2321 et
921 2258 1118 2320 Swediaurus

225 2377 349 2442 autem,
377 2363 529 2442 simplicia
546 2362 833 2442 praetermittentes,
858 2359 974 2438 injuria
999 2378 1021 2418 a
1048 2363 1120 2428 vin,

225 2484 290 2546 qua
315 2463 464 2525 Trillerus
485 2476 512 2522 et
532 2461 751 2543 Spielmannus
781 2461 907 2541 ingressi
932 2471 1034 2530 erant,
1063 2457 1117 2515 de·

214 2563 396 2650 flexerunt,
416 2577 444 2622 et
466 2563 632 2621 Duneanue
660 2560 856 2620 recentiorum
884 2558 999 2638 scripta
1025 2569 1118 2616 extra

218 2663 370 2742 'Anglinm
390 2659 473 2722 edita
491 2680 586 2739 poree
607 2672 720 2718 tamum
742 2658 878 2719 consulit.
898 2659 1004 2738 ltaque
1020 2658 1118 2734 pisar-

227 2778 427 2840 maeopoeam
449 2761 600 2818 Batauam
618 2777 687 2820 ,non
717 2759 810 2818 solum
830 2755 928 2818 denuo
949 2755 1120 2828 edendam,

229 2861 288 2922 sed.
313 2859 404 2929 etiam
434 2857 510 2918 notis
537 2870 565 2917 et
591 2854 805 2916 additamentis
838 2859 881 2916 lta
911 2852 1116 2916 instruendam

228 2964 318 3022 statui
329 3003 342 3034 ‚,
361 2973 391 3020 ut
411 2974 555 3040 tanquam
577 2956 776 3038 universalis,
793 2958 880 3036 genio
893 2953 1039 3016 hodierno
1060 2973 1116 3014 ae·

228 3059 445 3133 commodata,
461 3057 648 3120 considerari
664 3069 774 3137 posset.
795 3056 905 3134 Adjeei
925 3056 1048 3134 insuper
1069 3056 1122 3112 in·

228 3165 332 3240 dices,
360 3181 490 3242 quarum
522 3177 582 3218 una
614 3163 737 3220 nomina
767 3175 843 3216 nova
863 3176 930 3216 oum
951 3159 1116 3234 antiquatis

229 3265 381 3332 conserit,
413 3259 513 3318 altera
542 3257 643 3316 scalas
672 3253 954 3316 thermometrorum
981 3257 1118 3312 maxime

229 3357 351 3421 usuales
375 3371 555 3439 comparat,
586 3354 674 3418 tertia
702 3353 828 3436 denique
854 3369 979 3433 partes,
1007 3351 1119 3430 qm'bus

229 3482 327 3543 aquae
348 3462 473 3522 soleriae
494 3479 549 3524 usu
569 3459 645 3518 inter
657 3473 712 3516 nos
720 3453 950 3532 probatissimae
960 3461 1119 3525 mussent,
