2360 4150
257 271 299 318 rx
323 271 438 318 necno
459 269 670 324 vacuatum
835 273 905 348 227

44 375 135 428 extracti
150 384 176 428 et
192 377 242 448 opii
258 397 303 432 scr.
320 382 338 446 j.
355 407 391 424 -
407 381 578 448 Clysmatibns
595 400 642 454 pro
659 381 754 434 aduttir
776 380 908 434 adduntur

46 464 88 530 opii
102 451 133 530 gr.
145 464 178 533 jV
190 467 286 533 segnius
303 467 371 520 enim
390 469 557 522 obluctantur
573 471 734 522 irritamento
751 470 857 522 remedii
870 471 925 521 in·¹

46 550 120 600 testim
132 569 207 602 crassa
220 571 295 622 quam
307 556 473 609 ventriculus.
486 557 633 626 &aspicia
648 559 737 608 Facies
749 575 852 624 eorum,
866 557 912 627 qni

46 640 93 706 opio
108 640 267 709 interierunt,
280 643 378 694 tumida
392 654 506 712 apparet.
521 645 557 696 Ex
570 645 707 697 abdomine
721 645 829 697 dissecto
847 643 910 697 odor

44 726 168 776 teterrimus
183 727 304 779 aseendit.
320 728 487 781 Ventricuina
504 739 531 782 et
548 731 669 782 intestina
687 732 746 782 adro
763 739 824 784 aunt
840 731 913 782 infla·

43 817 75 874 ta,
86 829 137 862 vasa
149 830 234 864 eorum
252 799 380 882 sanguine⁸
388 816 494 883 referta,
510 817 675 870 inflammatio
693 819 786 886 passim
804 819 831 867 in
848 833 911 868 ven·

44 897 120 948 trieulo
142 909 212 965 orta,
236 911 313 971 atque
331 905 430 970 sanguis
455 904 482 955 in
508 906 572 956 vasis
597 905 778 957 intestinorum
801 903 913 956 naturali

43 981 133 1036 tritior.
151 985 238 1048 Vesica
256 987 329 1038 fellea
346 987 398 1039 bile
416 998 510 1055 turget.
531 990 672 1042 Pulmonea‘
686 990 763 1040 latice
780 989 851 1040 vitali
870 989 911 1040 in-

42 1068 112 1135 sueti,
129 1073 187 1123 item
205 1076 274 1124 sinus
291 1075 389 1126 cerebri
407 1084 485 1144 atque
503 1095 561 1128 vasa
578 1079 668 1146 piexus
685 1077 823 1128 choroidei.
839 1075 913 1130 Ami-

42 1155 97 1208 dota.
113 1159 191 1227 Quam
208 1161 341 1232 celerrime
359 1161 414 1212 fieri
431 1171 530 1230 potest,
548 1165 683 1215 emeticum
702 1181 733 1214 ex
751 1163 805 1214 rad.
825 1164 914 1231 lpeca·

42 1244 116 1296 cuanh.
127 1245 164 1297 dr.
176 1251 183 1315 j
198 1257 224 1299 et
242 1257 331 1300 tartar.
344 1249 431 1299 stibiat
444 1267 480 1316 gr.
494 1251 501 1315 j
514 1249 653 1318 pulveratis
671 1249 723 1300 sere
741 1251 835 1300 siccum
854 1249 910 1300 dari

43 1329 119 1399 debet,
136 1347 183 1406 nec
198 1337 310 1388 vomitus
328 1337 461 1404 provocari
478 1346 541 1404 potu
559 1337 634 1388 infusi
660 1337 750 1404 these,
773 1346 911 1406 antequam

41 1433 75 1467 sua
86 1431 167 1488 sponte
180 1423 340 1492 processerit.
355 1423 435 1474 Emesi
448 1431 506 1492 post
519 1433 634 1496 octavam
648 1424 726 1475 horae
744 1433 843 1494 partem
858 1441 910 1474 non

42 1502 135 1558 insecuta
149 1510 261 1560 medicus
278 1511 332 1560 sine
349 1526 420 1560 mora
437 1511 585 1578 scrupulum
600 1529 679 1562 uniam
694 1511 817 1579 suiplratis
830 1511 912 1576 zinci,

41 1597 61 1639 tt
75 1595 177 1659 periculo
194 1605 255 1665 post
270 1595 338 1647 idem
356 1597 521 1646 intervalium
540 1597 636 1664 pariter
653 1607 778 1662 urgente,
804 1597 913 1647 alterum

40 1691 86 1726 rum
98 1697 171 1747 paura
184 1699 267 1750 aquae
280 1683 424 1751 quantitate
441 1683 593 1751 capiendum
607 1691 687 1732 curet.
704 1683 761 1732 Non
779 1682 914 1732 cessabunt

40 1765 108 1814 statim
125 1769 206 1818 omnia
224 1776 395 1836 symptomata
413 1769 445 1819 eb
463 1769 515 1838 opii
533 1787 623 1835 magna
641 1768 694 1820 doci
713 1777 838 1838 prorata,
853 1769 914 1818 licet

41 1847 157 1904 evacuatae
174 1856 225 1906 sint
244 1857 347 1922 largiter
363 1857 460 1925 primae
477 1855 689 1910 viai-,Offeratm
706 1855 805 1925 saepius
822 1855 913 1906 decoc-

38 1941 84 1986 tum
99 1947 235 1991 saturatum
250 1957 281 1990 ex
294 1941 374 1991 coiiea
392 1937 505 2004 ardbica,
521 1939 590 2011 quod
604 1959 654 1992 ano
667 1957 771 2010 quoque
784 1940 912 2005 injicitur,
967 1951 972 1958 '

40 2030 61 2072 et
74 2043 149 2093 panno
165 2035 305 2080 attractum
323 2027 452 2080 abdomini
470 2029 620 2096 imponitur.
645 2029 749 2080 Servavi
766 2028 816 2080 hoc
837 2027 914 2080 modo

36 2109 121 2176 tirum,
136 2115 176 2181 (pri
190 2113 280 2163 insano
299 2129 384 2164 amore
401 2112 566 2180 perturbatus
579 2117 706 2164 tincturae
724 2114 776 2182 opii
794 2121 910 2164 crueatae

40 2201 110 2264 υπαῇ
123 2209 147 2250 et
159 2203 216 2269 pias
230 2200 437 2266 ingurgitaverat.
452 2199 559 2250 Utrum
574 2201 651 2277 morti
667 2201 808 2269 eriperem,
822 2199 914 2250 libram

39 2297 100 2333 onam
113 2293 142 2336 et
158 2285 288 2336 dimidiam
307 2285 402 2336 cofieae
419 2293 500 2335 tostae
518 2301 564 2353 per
581 2294 641 2335 octo
658 2284 734 2336 horas
751 2285 778 2334 in
803 2283 913 2335 decoctis

38 2373 217 2424 consumendam
237 2373 394 2441 praescripsi.
414 2371 501 2422 Mente
519 2389 533 2421 a
551 2389 650 2436 stimmo
668 2379 771 2439 stupore
796 2371 930 2434 liberata‚.

32 2453 127 2510 infusum
145 2462 202 2517 flor,
219 2461 321 2514 amicae
338 2467 364 2508 et
382 2459 436 2510 rod.
454 2449 596 2510 valerianae
614 2475 672 2508 cum
690 2457 794 2510 aethere
811 2458 917 2526 sulphu-

40 2543 83 2594 n'co
95 2548 261 2598 necessarium
275 2545 337 2596 duxi
350 2545 382 2596 ad
395 2563 531 2598 nervorum
546 2545 659 2610 vigorem
677 2545 778 2612 penitus
796 2561 918 2606 revocan-

38 2626 94 2682 dum.
111 2632 160 2684 Pro
177 2643 242 2702 potu
262 2631 321 2683 dedi
340 2631 501 2688 simonadam.
520 2629 649 2682 Medeam
666 2629 824 2682 veteratorie.
839 2630 885 2695 Dr.
898 2631 914 2695 jj

38 2717 81 2784 opii
93 2737 169 2788 equae
187 2738 234 2791 per
251 2737 294 2770 sex
313 2718 365 2772 dies
383 2717 499 2788 quotidie
512 2718 625 2768 intrusae
639 2717 683 2768 vix
696 2718 777 2768 ullum
795 2715 916 2766 effectum

37 2808 208 2872 praestiterunt
220 2825 268 2857 nec
281 2806 374 2856 indicia
387 2806 479 2856 veneni
493 2821 647 2874 apparuere,
662 2803 784 2858 caelavere
798 2802 914 2855 animalis

38 2894 101 2947 occisi
117 2895 238 2967 dissectm
254 2895 390 2963 (Viborg’s
407 2893 583 2962 Smnmluugen
601 2911 649 2942 von
673 2889 775 2958 Abuf
792 2889 916 2948 Thieriir·
946 2879 952 2902 ⁸

37 2989 70 3028 ue
81 2981 100 3032 1.
107 3002 135 3052 p.
150 2985 224 3046 301).
240 2982 296 3035 vid.
315 2977 465 3051 praeparata
479 2989 506 3030 et
519 2979 660 3047 composita
673 2995 705 3028 ex
718 2979 777 3051 opio
790 2986 845 3034 not,
858 2975 916 3041 453.

38 3063 160 3154 imm..
178 3069 236 3134 uu.
256 3067 312 3136 534
332 3068 389 3120 555
408 3067 457 3118 555
475 3074 500 3120 a
519 3050 602 3138 57⁵st
649 3067 651 3074 ’
946 3055 950 3060 “
