2360 4150
243 299 309 371 172
448 327 450 331 -
611 294 770 344 CORPORA

239 419 328 461 cortex
345 410 402 461 citri
421 409 547 462 conditus.
574 411 684 462 Pulvere
707 411 792 462 forsan
816 413 917 463 vomitu
939 414 1039 478 ejecto,
1065 429 1130 464 nora

239 496 306 548 dosis
322 499 503 566 postmittitar.
521 498 628 550 Duobus
641 499 710 550 horis
722 500 883 568 praeteritis,
901 499 976 550 bulas
990 499 1133 566 deglutitur

238 601 270 635 ex
288 587 452 649 scammonii,
476 603 603 654 panaeeae
620 587 778 638 mercurialis
802 588 922 650 (mutiat.
945 587 1069 654 hydrarg.
1087 589 1134 637 mi-

239 671 289 730 tis)
303 689 351 721 ana
365 691 399 738 gr.
416 673 454 739 ij
469 674 563 739 gamini
578 681 642 739 gott.
656 691 692 740 gr.
707 672 732 723 V
743 689 804 724 crim
818 672 927 724 confert.
940 671 972 723 de
985 672 1135 739 hyacyntho

238 769 400 828 compactus,
419 769 445 811 et
463 759 639 829 superbibitur
656 761 788 812 vasculum
806 779 859 811 uara
905 760 945 810 vel
964 761 1078 810 alterum
1096 761 1136 810 in·

203 895 205 899 ,
238 846 288 898 susi
305 847 380 898 thcae
398 847 489 900 viridis·
504 867 556 899 non
574 848 688 900 saturati.
713 849 777 898 Bolo
802 849 826 898 vi
872 854 1024 912 exserente,
1050 846 1136 898 denuo

239 934 405 994 sorbillentur
422 937 525 987 vascula
543 935 668 1004 quaedam
685 935 781 1000 theae,
797 935 829 986 do
851 953 878 986 cc
892 936 976 990 taenia
990 934 1136 1002 prodieritq

241 1039 292 1088 quo
307 1021 373 1071 facto
387 1023 513 1087 jusculum
526 1041 647 1073 carneum
661 1021 735 1072 theae
748 1031 793 1090 pot
835 1021 1015 1072 substituatur.
1037 1021 1138 1090 Quodsi

201 1125 205 1132 ·
239 1095 384 1157 bolusrion
402 1107 513 1172 graviter
537 1109 698 1175 purgaverit,
723 1108 841 1156 stimulus
866 1106 975 1156 addatur
1001 1107 1138 1156 solutionis

239 1191 362 1260 salphatis
380 1195 520 1258 magnesiae
539 1212 597 1246 asne.
616 1192 729 1266 ss·unc.
743 1197 759 1260 j.
779 1193 871 1244 lladice
886 1193 959 1242 filicis
973 1191 1046 1242 dicto
1059 1191 1140 1243 modo

240 1277 315 1343 dato,
333 1279 390 1330 loeo
409 1281 521 1349 pulveris
546 1283 692 1332 evacuantis
717 1281 758 1330 alii
784 1281 849 1332 sumi
872 1280 964 1346 jubent
989 1289 1052 1348 post
1078 1281 1141 1330 duas

240 1362 315 1414 liores
333 1366 403 1415 omni
417 1366 552 1416 semihorio
566 1367 615 1417 olei
629 1366 702 1416 ricini
717 1383 776 1417 unc.
790 1365 880 1416 dimid.
896 1365 978 1416 donec
993 1383 1056 1414 unc.
1073 1367 1140 1430 Μή

227 1449 309 1516 ¹liujus
327 1452 376 1501 olei
401 1469 475 1520 aeger
498 1454 699 1520 ingurgitaverit„
723 1453 877 1515 (Durium).
903 1451 1048 1503 methodus
1061 1451 1137 1522 filice

159 1547 160 1552 ’
240 1535 331 1587 utendi
346 1537 603 1590 Heraensclawaadii.
622 1539 705 1590 Datur
720 1555 798 1588 mane
815 1539 900 1603 jejuno
918 1537 1057 1588 stomacho
1069 1537 1142 1604 pulv.

241 1621 294 1672 rad.
314 1623 375 1674 fitis.
393 1625 468 1674 maris
486 1626 526 1675 vel
545 1625 670 1676 foeminae
688 1625 726 1675 dr.
744 1628 762 1690 j.
779 1625 868 1674 Tertio
891 1622 932 1674 die
958 1621 1054 1672 eodem
1079 1631 1149 1697 tern-

240 1729 303 1778 pore
321 1713 473 1780 propinatur
489 1713 573 1780 pulvis
591 1731 622 1762 ex
641 1712 735 1779 gummi
757 1719 820 1780 gott.
840 1715 876 1777 g'r.
896 1709 934 1776 ij
952 1709 998 1759 sal.
1026 1697 1147 1762 absinth.

241 1799 333 1868 eilrat,
345 1818 381 1864 gr.
400 1799 469 1849 XXX
491 1817 579 1868 sapon.
596 1795 740 1866 starkeyaui
759 1814 795 1866 gr.
813 1799 846 1864 jj.
864 1797 899 1848 Ut
915 1797 1051 1862 tormina,
1080 1815 1150 1867 qnae
1176 1839 1177 1856 ,

242 1888 421 1938 evacuationes
440 1887 611 1952 comitantur,
635 1887 802 1952 mitigentur,
827 1891 883 1953 post
906 1884 1056 1952 quemlibet
1085 1903 1152 1953 epo-

241 1981 332 2024 tentur
349 1976 469 2042 poculum
488 1993 546 2024 cum
566 1975 754 2044 aquatepida,
775 1974 816 2024 vel
841 1971 925 2046 oyatlri
948 1971 1060 2040 quidam
1092 1992 1154 2022 curn
1176 1997 1177 2032 1

243 2057 327 2109 infuso
341 2059 424 2110 tlaeae.
438 2060 557 2111 Trihorio
571 2061 743 2130 praeterlapso
757 2059 903 2110 sorbilletur
917 2059 965 2108 olei
975 2058 1055 2108 ricini
1074 2063 1153 2122 unci
1176 2079 1177 2086 ¹

244 2143 338 2210 cyatho
355 2145 446 2210 jusculi
464 2146 565 2209 carnei,
585 2163 650 2214 quae
669 2145 734 2195 dosis
752 2146 888 2195 reiteretur
900 2151 958 2211 post
971 2143 1091 2208 horam,
1113 2153 1155 2210 et,

242 2231 263 2281 si
281 2232 373 2282 vermis
391 2231 505 2281 nondum
524 2233 703 2298 emigraverit,
728 2237 790 2302 post‘
804 2233 919 2281 alteram.
946 2228 1101 2282 Methodns
1114 2233 1157 2302 fi·
1176 2251 1177 2298 j

246 2319 294 2368 lice
311 2317 403 2369 utendi
414 2317 544 2368 Mathieui
558 2337 576 2368 a.
592 2319 620 2368 R.
635 2319 770 2368 limaturae
783 2319 866 2368 stanni
881 2316 970 2382 atrglic.
985 2333 1049 2383 pur.
1068 2320 1157 2378 unci
1176 2371 1177 2406 ,

244 2405 299 2457 rad.
317 2405 377 2458 tilio.
396 2423 458 2456 mar.
473 2406 511 2456 dr.
526 2406 558 2472 Vj
572 2424 632 2456 sem.
651 2424 731 2472 aynae
744 2424 804 2456 une.
819 2403 846 2478 β
859 2404 911 2454 rad.
925 2405 1023 2472 jalapp.
1038 2408 1156 2456 resinos.
1176 2435 1177 2482 ,

245 2495 290 2546 sal.
308 2493 424 2564 polychr.
443 2512 489 2543 aaa
508 2493 545 2543 dr.
560 2493 647 2559 incl?
666 2511 723 2542 earn
739 2493 820 2541 mellis
834 2492 976 2541 communis
990 2509 1012 2541 s.
1029 2485 1059 2560 q.
1077 2497 1160 2543 elect.

245 2598 268 2632 a.
289 2583 319 2632 lt.
336 2583 406 2650 pulv.
424 2580 478 2632 rad.
496 2581 588 2649 jalapp.
607 2582 681 2631 resia.
700 2581 744 2630 sal.
763 2569 879 2648 polyclir.
897 2597 943 2629 aaa
963 2597 1014 2629 aer.
1029 2583 1048 2646 ji
1072 2565 1177 2630 scam-¹

245 2689 314 2721 mon.
334 2671 416 2738 alepp.
435 2670 504 2734 seni
522 2671 616 2735 gummi
635 2677 721 2734 guttae
739 2687 774 2732 gr.
795 2666 816 2717 X
835 2685 867 2716 m.
882 2665 899 2716 f.
914 2683 971 2716 cum
987 2667 1068 2718 mett.
1086 2659 1177 2734 com-l

238 2773 310 2806 mua.
330 2756 408 2804 illect.
429 2755 478 2804 Per
494 2757 580 2824 plnres
599 2755 652 2804 dies
671 2772 744 2820 aeger
762 2763 851 2804 utatur
868 2753 953 2816 victu,
972 2751 1043 2802 ciliis
1065 2743 1177 2830 salsis,y

229 2831 350 2908 'jusculis
364 2857 395 2892 cx
409 2859 489 2910 pane,
509 2851 586 2911 atque
600 2841 728 2904 obsoniis,
747 2857 812 2910 tynae
825 2840 898 2890 facile
912 2837 1090 2905 digeruntur.
1114 2841 1177 2914 διε-ᾗ

247 2935 300 2978 mat
319 2925 377 2978 dein
396 2929 464 2979 omni
483 2929 583 2978 biliorio
602 2929 724 2978 electuar.
738 2927 812 2996 prirni
828 2926 1040 2976 cochlearcalnm
1057 2931 1070 2993 j
1083 2927 1177 3004 bidnty

246 3016 288 3067 vel
307 3015 385 3068 tridui
403 3017 484 3084 spatio
493 3051 500 3078 ,
522 3016 604 3067 donec
621 3017 714 3066 verinis
732 3033 818 3064 sensus
836 3015 956 3064 molestos
971 3013 1001 3062 in
1020 3007 1177 3068 intestintsl

246 3105 375 3174 producit.
395 3105 440 3154 His
454 3105 568 3156 sensibus
582 3105 690 3169 exortis,
710 3103 796 3153 eatam
812 3101 878 3152 dosis
892 3102 999 3152 alterins
1015 3103 1177 3182 electuariiy

247 3191 336 3244 iisdem
355 3191 495 3242 intervallis
512 3192 569 3242 loco
586 3192 678 3260 prioris
697 3190 864 3260 propinetur,
884 3205 965 3258 usqne
984 3189 1052 3240 dum
1070 3183 1177 3262 taenial

229 3263 232 3272 ⁴
248 3297 342 3330 exano
357 3279 502 3346 egreditur,
521 3281 578 3329 etsi
593 3279 676 3330 forsan
691 3286 844 3342 cunctetur,
863 3277 1010 3327 cochlearia
1025 3273 1177 3344 nonnulla]

249 3367 299 3448 olei
317 3367 392 3418 ricini
408 3365 547 3432 bibantur,
572 3365 613 3418 vel
636 3365 731 3434 clysma
755 3383 787 3416 ea
810 3363 860 3416 hoc
885 3364 943 3415 oleo
969 3365 1000 3416 in
1023 3359 1177 3436 auxilium}

251 3462 367 3506 vocetur·
