2360 4150
283 258 327 304 ax
351 257 465 306 auerso
491 259 701 308 recursurus
865 235 939 312 225

43 370 164 435 obtusus,
191 387 301 438 nausea,
327 381 354 424 et
371 373 425 427 dosi
443 383 482 426 sat
498 376 558 428 sorti
575 376 717 445 deglutita,
742 375 796 446 ipse
819 375 943 430 vomitus.

47 458 116 508 liora
132 455 237 512 dimidia
254 459 357 509 circiter
373 463 543 532 praeterlapsa
556 465 644 532 pulsus
662 462 693 514 sle
711 463 841 514 celeritate
854 462 947 512 remit·

54 546 105 610 tit,
129 554 156 597 et
172 546 317 614 perniciosa
340 549 413 616 copia
431 549 543 618 ingesta,
569 551 704 620 respiratio
724 549 870 602 retardatur
886 565 945 600 cuur

11 699 14 704 Ι
51 631 175 685 rhoncbo.
202 633 328 685 Delirium
346 637 529 696 somnolentiae
547 638 750 690 intermisceturr
771 623 867 700 Alvus,
886 653 947 692 aum

49 719 109 772 bilis
122 720 233 786 ‚secretio
250 722 429 792 intercipitur,
443 725 610 793 constipatur.
629 725 718 776 Facies
734 722 812 776 rubet
829 731 856 774 et
874 723 947 774 intu-

50 808 155 872 mescit,
169 807 303 860 oculorum
317 809 390 862 bulbi
404 809 582 878 protuberent.
597 811 758 880 Disphoresis
772 809 945 878 copiosissime

52 895 213 964 prorumpit,
226 912 286 945 cum
304 896 478 948 musculorum
494 897 616 964 languore
633 905 660 948 et
677 896 788 965 stuporis
801 903 948 961 augmento.

51 982 167 1032 Tandem
186 984 262 1032 miser
280 983 413 1052 apoplexia
431 983 581 1036 suffocatur.
598 982 650 1033 Etsi
668 984 753 1036 tristes
766 982 825 1050 *opii
843 980 948 1032 ellectus

51 1069 203 1138 plerumque
220 1085 272 1120 nou
291 1069 402 1121 habeant
419 1071 538 1122 comitem
557 1071 713 1141 hydropem,
731 1087 810 1140 quern
826 1068 950 1136 frequen·

52 1163 96 1206 ter
112 1155 206 1205 ebriosi
222 1156 380 1222 sortiuntur,
395 1157 445 1209 hoc
463 1167 550 1210 tamen
567 1160 593 1210 in
606 1175 637 1210 eo
655 1174 790 1210 commune
805 1154 951 1222 deprehen·

51 1243 124 1294 ditur
148 1260 206 1294 cum
230 1245 371 1312 potulentis
388 1245 546 1312 spirituosis,
571 1245 641 1314 quod
659 1255 776 1296 nutrirem
805 1243 944 1294 itomanam

51 1326 212 1396 improvidus
225 1347 283 1379 usus
301 1329 437 1397 depravat,
451 1339 478 1380 et
490 1329 560 1399 quod
577 1332 601 1382 ei
626 1331 730 1382 assuetis
743 1329 846 1379 demum
859 1327 949 1378 eadem

50 1413 119 1490 dosis
137 1431 189 1466 nou
206 1415 334 1466 satisfacit.
353 1416 495 1485 Opiophugi
513 1417 648 1468 orientales
666 1416 829 1482 (Terrnkys)
847 1430 949 1466 emace-

51 1509 128 1552 scunt
146 1510 173 1551 ct
190 1502 294 1570 pallent.
322 1503 432 1572 Dorsum
454 1503 619 1570 incurvatur,
645 1503 746 1554 liumeri
770 1520 871 1554 sursum
893 1511 950 1554 tra-

51 1588 167 1652 huntur,
183 1599 260 1658 caput
277 1590 420 1658 prominet,
434 1590 582 1660 collumque
599 1608 686 1642 versus
706 1607 785 1640 ursum
803 1589 948 1640 alterumve

51 1675 120 1726 latus
141 1673 326 1746 distorquetur.
349 1677 421 1728 Meus
444 1677 593 1728 horribilem
618 1679 645 1744 in
665 1676 769 1727 modum
792 1676 949 1740 hebetatur,
1015 1733 1017 1741 Α

52 1763 90 1812 ita
106 1769 138 1812 ut
155 1760 188 1812 ad
204 1777 261 1812 earn
277 1743 458 1812 intendendam
477 1761 599 1812 drachma
616 1762 720 1812 dimidia
734 1770 760 1812 et
773 1764 871 1828 integra
889 1778 950 1811 nar-

52 1850 129 1900 ootici
147 1849 190 1900 vix
207 1849 316 1918 amplius
333 1850 451 1902 sulliriat.
477 1852 558 1902 Azoto
583 1850 637 1900 sine
655 1849 734 1900 dubio
756 1849 796 1898 vis
816 1847 947 1898 nareotica

44 1937 72 1988 in
90 1936 169 2006 opio,
189 1945 218 1988 ut
235 1937 262 1986 in
280 1937 335 1986 aliis
352 1936 485 2012 renierhis,
503 1953 569 2005 quse
586 1936 662 1986 simili
680 1934 757 1996 morlo
774 1943 867 2002 agunt,
887 1932 951 1984 assi·

49 2026 124 2094 gnari
143 2023 231 2076 debet<
248 2025 322 2076 Usus.
340 2024 417 2082 Aburi
436 2032 496 2076 sunt
521 2022 651 2076 decenniis
670 2023 814 2094 praeteritis
833 2019 951 2090 inprimis
1010 2061 1022 2082 χ

52 2112 148 2166 medici
158 2109 376 2179 ,sophismatibus
394 2109 551 2160 Brownianis
568 2109 684 2176 seducti,
696 2118 723 2161 et
739 2103 951 2178 cum'contemtu

52 2197 213 2250 autocratine
227 2205 333 2247 naturae
351 2205 376 2248 et
394 2197 511 2262 neglectu
530 2197 651 2249 decursus
670 2196 769 2260 morbi,
797 2198 890 2260 scalam
910 2197 955 2248 ia-

50 2284 213 2336 eitabilitatis
231 2290 260 2332 nt
277 2282 449 2338 firmissimum
468 2282 577 2334 fulcrum
596 2300 702 2352 praxeos
718 2285 839 2350 jactatam
865 2284 955 2352 pueri·

52 2371 114 2422 liter
132 2385 233 2420 sursunt
251 2367 421 2437 deorsumque
439 2369 510 2438 quasi
528 2377 707 2437 perrepentes,
720 2370 850 2438 praeclaro
869 2385 954 2420 reme·

53 2459 112 2522 dio,
128 2457 165 2507 ita
178 2465 222 2520 nt,
236 2455 301 2524 proh
316 2454 407 2507 dotort
419 2463 475 2506 tota
488 2456 633 2506 nosocomia
647 2456 673 2506 in
685 2471 812 2524 cauponas
827 2454 955 2506 thebaicus

51 2541 234 2594 transformata
248 2539 351 2590 fuerint.
365 2539 446 2592 Nocet
460 2541 601 2592 certissime
614 2539 701 2608 opium
718 2538 744 2588 in
758 2538 827 2588 ornni
838 2555 955 2604 orgasmo
1047 2597 1051 2602 ¹

52 2630 214 2693 humorum,
228 2626 274 2696 qui
292 2644 305 2676 a
319 2643 390 2678 mera
402 2609 519 2697 plellsora
534 2626 674 2690 redundat,
688 2623 715 2676 in
730 2627 893 2690 congestione
907 2624 960 2687 hu·

53 2732 161 2768 nsorum
184 2730 274 2766 versus
290 2722 384 2782 eaput,
398 2715 424 2764 in
441 2713 556 2784 qualibet
573 2712 633 2766 stasi
649 2712 777 2778 sanguinis
793 2709 957 2779 phlogistioa,

54 2803 143 2874 ‹puam¹
155 2802 294 2868 genuinam
314 2801 403 2853 dicunt
412 2837 421 2866 ‚,
433 2809 508 2852 noret
522 2801 633 2870 denique
651 2800 677 2859 in
694 2779 805 2852 colluvie
817 2799 959 2868 primarum

52 2893 169 2943 riarum.
193 2890 225 2942 In
244 2887 408 2958 typhomania
426 2886 503 2955 igitur
520 2896 550 2938 nt
567 2888 706 2951 nocivum,
723 2888 806 2938 inuno
820 2895 849 2937 ut
867 2885 963 2950 morti·

54 2977 143 3030 ierunt
164 2975 313 3028 diffamatur
331 2976 435 3044 opium,
454 2982 551 3028 temere
568 2973 673 3037 datum,
696 2990 755 3024 cum
773 2972 869 3040 partim
884 2971 963 3040 phre-

52 3065 169 3118 nitidem
188 3062 319 3114 interdum
336 3079 394 3114 cnm
413 3078 443 3112 ea
460 3063 622 3130 conjunctam
641 3067 733 3126 auget,
756 3058 961 3128 pertimlstupo-

52 3170 110 3204 reru
131 3150 215 3224 typho
232 3150 380 3202 familia-rem
405 3156 475 3212 (von
492 3146 657 3201 Hildebrand
675 3147 703 3199 in
725 3146 856 3216 praeclaro
876 3144 960 3218 libro:

52 3241 120 3292 nter
137 3236 189 3288 den
206 3235 389 3288 arnteclsenden
407 3233 513 3304 Typhus
530 3251 558 3303 p.
575 3239 655 3296 uun).
682 3232 763 3286 Obest
781 3231 869 3282 itidem
886 3229 963 3282 iacil-

52 3327 117 3376 lime
136 3326 167 3376 in
184 3323 279 3392 morbis
289 3323 423 3396 ¹inferitum
441 3322 534 3388 acutis,
548 3322 569 3372 si
585 3317 719 3372 cerebrum
733 3320 854 3388 sangnine
872 3317 962 3374 obrui·

52 3420 107 3468 ter.
126 3411 269 3469 Prudens
287 3411 418 3473 contrado
434 3411 463 3464 in
477 3404 624 3480 multigenis
642 3407 776 3464 doloribus
797 3425 868 3461 mere
880 3466 883 3475 ,
893 3425 958 3474 ner·
