2360 4150
124 735 142 774 Q

240 282 314 374 234
615 296 773 350 corrosa

234 518 498 583 PERUVIANUM
517 516 753 590 BaLssMffltt,
787 535 840 576 ssu
873 515 1048 576 lNDlCUM
1077 519 1131 579 Nl·

318 618 455 688 Gauii,
475 637 641 678 usussuuu.

276 758 538 822 MYROXYLON
560 755 839 818 PEltUlFEllUM.

273 965 370 1024 Arbor
391 959 548 1022 Amet-icae
566 955 784 1037 meridionalis,
804 957 835 1020 in
850 958 1046 1022 calidioribus
1061 961 1132 1024 Ter·

233 1084 288 1123 rae·
306 1064 425 1121 Firmae
437 1059 518 1121 ‘locis
540 1060 686 1140 Frequens.

274 1164 388 1243 Sapore
417 1160 587 1244 praeditum
618 1171 664 1220 est
687 1161 943 1238 aeri-aromatico,
977 1172 1011 1221 et
1043 1161 1129 1223 odore

233 1276 316 1347 grate
337 1265 491 1322 benzoino.
513 1261 649 1320 Bullieuti
670 1281 767 1339 oquae
787 1257 980 1340 instillatum,
1015 1283 1133 1345 separa·

233 1377 282 1426 tur
302 1367 330 1423 iu
351 1373 465 1444 partem
488 1358 648 1432 leviorem,
673 1381 751 1442 quae
770 1382 865 1442 aquae
886 1362 1064 1443 pelliculam
1086 1385 1142 1423 su··

230 1463 416 1550 perinducit,
446 1474 477 1524 et
497 1460 528 1522 iu
550 1475 663 1542 partem
686 1464 873 1542 graviorem,
904 1485 983 1542 quae
1007 1463 1133 1524 suudum

230 1565 315 1649 petit.
337 1561 471 1624 Solvitur
490 1561 522 1622 iu
543 1566 646 1644 spiritu
668 1565 747 1638 viui,
767 1560 953 1624 connubium
976 1585 1048 1624 cum
1066 1565 1132 1626 oleis

231 1664 403 1749 unguinosis
435 1665 519 1746 plane
549 1683 700 1748 respuens.
732 1661 809 1722 Cum
841 1659 926 1722 acido
956 1665 1131 1746 sulphuriea

230 1767 345 1850 placide
365 1763 426 1825 coit
446 1765 606 1843 genuinum
628 1762 811 1834 balsamum,
833 1762 969 1822 aeduum
991 1770 1131 1846 copa'r'vae

230 1865 363 1926 balsamo
384 1866 605 1943 adulteratum,
627 1861 712 1922 valde
732 1859 923 1934 intumescit,
945 1885 1131 1947 vaporesque

231 1967 410 2047 sulphureos
431 1963 548 2024 emittit.

257 2129 317 2180 Not.
337 2142 392 2179 απ.
413 2129 495 2179 Germ
515 2119 726 2178 Peruviauiseher
742 2126 856 2190 Balaam,
882 2127 947 2196 belg.
974 2127 1135 2180 Perusiaau·

232 2214 291 2268 eche
311 2215 424 2278 bahem,
450 2217 522 2285 angl.
540 2216 610 2266 Balm
629 2213 659 2264 ol
675 2214 754 2276 Peru,
780 2215 842 2284 gall.
862 2213 958 2266 Baume
976 2215 1011 2267 de
1029 2217 1133 2283 Perua,

231 2319 295 2375 roa.
319 2302 577 2369 naryuurcruu
602 2283 799 2356 amarus.
827 2305 901 2356 reon.
924 2307 1059 2373 ayma.
1089 2323 1133 2376 ,2-

231 2390 320 2444 ruifer.
341 2392 418 2444 Hera.
437 2407 503 2442 mex.
522 2391 557 2460 pl.
576 2389 663 2441 Odore
682 2391 789 2442 vauiliae
814 2390 895 2441 simile
921 2399 961 2442 est
987 2391 1128 2444 balsamum

233 2480 412 2546 peruviauum.
435 2479 534 2550 Optimi
553 2498 611 2532 unc.
629 2477 657 2552 β
674 2496 733 2530 cum
758 2495 825 2545 aqua
843 2477 972 2531 destillata
991 2483 1130 2534 transmisit

232 2565 283 2618 olei
301 2568 416 2621 aetherei
433 2586 470 2636 gr.
490 2567 520 2618 X.
540 2567 669 2618 Alcdrolis
687 2583 746 2616 unc.
765 2565 793 2642 β
818 2568 894 2620 solvit
919 2567 1029 2618 balsami
1055 2588 1131 2642 peru-

145 2677 149 2683 ·
234 2658 303 2712 viani
322 2673 357 2721 gr.
377 2656 439 2718 XX,
466 2656 591 2722 promtius
618 2664 704 2705 autem
730 2655 819 2705 aether
838 2655 1004 2725 sulphuricua
1023 2656 1130 2721 (luch)

195 2759 199 2770 ·
234 2743 299 2792 Cum
319 2743 380 2792 olcis
398 2740 524 2790 aethereis
549 2741 621 2792 facilc
646 2742 784 2805 miscetur,
811 2759 860 2794 nec
885 2743 974 2794 unitur
993 2761 1054 2795 cum
1074 2745 1129 2796 oleis

235 2829 359 2896 expressis
372 2836 399 2879 et
416 2830 531 2896 axungiis
553 2830 710 2882 animalium.
739 2831 800 2882 Vim
819 2831 944 2896 incitans,
971 2843 1129 2885 exaestuans

235 2918 315 2968 Usus:
337 2916 452 2986 inprimis
470 2925 598 2968 externus.
617 2916 648 2968 lu
675 2919 824 2970 vulneribus
842 2905 992 2970 recentibui
1011 2922 1069 2971 aine
1087 2921 1129 2972 du·

234 3007 278 3060 bio
296 3007 395 3075 saepius
412 3005 469 3074 plus
492 3005 595 3070 nocuit,
622 3022 700 3076 quam
721 3006 826 3074 profuit.
852 3007 969 3059 Murrum
993 3009 1131 3061 alcohoh'ca

234 3079 336 3144 dabam}
346 3091 477 3160 perreriam
494 3091 523 3141 R.
532 3090 636 3142 baisam.
650 3091 783 3160 pcruvian.
797 3081 879 3158 uucijj
895 3091 1008 3145 alcohol.
1023 3113 1084 3145 unc.
1094 3094 1128 3158 ἦ.

233 3181 338 3247 Saepius
356 3180 389 3232 de
407 3180 447 3232 die
469 3179 533 3230 illini
558 3178 631 3245 jubet
655 3179 753 3230 Ravcua
777 3179 804 3230 iu
831 3179 964 3230 doloribus
993 3181 1127 3233 arthriticis

235 3267 412 3319 articulorum.
429 3255 593 3318 thianenzuh
611 3265 718 3316 balsami
728 3265 862 3336 peruvmpt'
877 3264 914 3316 ad
926 3267 1043 3336 pupillas
1059 3285 1128 3320 mma·

233 3375 339 3410 marum.
355 3357 382 3405 ll.
397 3355 467 3423 pulv.
482 3353 577 3420 gummi
595 3352 689 3402 arabici
707 3351 745 3404 dr.
758 3355 774 3420 jj
794 3352 901 3404 balsami
919 3355 1062 3422 peruriaui
1076 3355 1126 3417 dui

236 3433 286 3520 clei
304 3444 428 3510 aruygdal.
453 3443 490 3493 dr.
508 3446 515 3509 j
518 3442 547 3517 β
563 3461 622 3510 aqu.
640 3460 718 3493 rosae.
745 3459 808 3492 unc.
831 3443 849 3508 j.
875 3441 963 3492 Series
991 3461 1042 3512 per
1068 3443 1125 3493 diem

235 3533 375 3598 inungatur
392 3530 491 3598 papillis
509 3545 676 3579 mammarum
693 3536 768 3580 suctu
792 3527 937 3580 excoriatis.
963 3529 1065 3582 Matres
1080 3545 1128 3580 scu·
