2380 4154
403 310 614 361 rnooomun
910 287 960 381 43

53 407 136 511 quod
157 427 253 488 ubivis
273 447 370 508 oquae
391 427 518 488 densitas
532 447 587 508 pro
601 424 716 486 unitate
730 425 838 485 assumi
853 423 957 490 soleat.

52 529 216 588 Praeterea
236 529 275 586 sio
289 525 380 586 ambo
396 524 609 606 Hygrometra,
632 522 759 584 alterurn
774 509 885 584 scilicet
898 545 955 604 pro

51 625 219 708 liquoribus
239 624 416 704 levioribus,
436 639 466 685 et
479 626 603 686 aiterum
618 643 674 705 pro
688 623 892 704 gravioribus,
912 623 961 685 in·

51 739 97 788 ter
118 747 152 787 se
173 728 376 798 convenimus
405 735 435 784 et
463 723 495 786 in
518 728 616 806 priore
637 725 744 784 decem
761 723 799 784 ilii
827 723 957 804 gradus,

54 829 103 907 qui
123 825 204 885 infra
218 845 237 884 ο
252 824 377 901 adsunt,
397 821 495 886 eidem
509 827 573 884 usui
593 821 776 898 inserviunt,
797 843 832 883 ao
853 823 958 888 docem

54 925 168 1007 priores
191 922 387 1006 Hygrometri
408 923 587 1004 posterioris.

99 1023 194 1104 Magis
217 1043 236 1082 a
265 1023 373 1084 nostris
394 1020 599 1106 Hygrometris
629 1023 773 1098 recedunt
796 1043 851 1103 ea,
880 1045 960 1106 quoe

61 1124 237 1185 Clarissimi
258 1124 442 1204 Inspectores
459 1121 596 1202 ⁴collegii
616 1123 730 1184 Medici
748 1123 963 1190 Amstelaeda·

57 1225 173 1285 mensis
205 1219 237 1280 in
266 1243 353 1282 nsum
379 1223 649 1302 Plzarmaeopoeae
678 1241 773 1284 nouae
788 1225 962 1286 Amstelae·

54 1324 213 1384 dumiensis
238 1341 316 1382 anno
342 1341 418 1404 ¹79²
440 1333 681 1404 proposuerunt,
710 1334 741 1384 et
773 1321 960 1384 conficienda

57 1433 255 1486 curaverunt.

94 1523 183 1582 Haec
205 1541 267 1582 non
287 1535 403 1582 tantum
425 1543 486 1582 non
510 1521 634 1582 fuciunt-
648 1523 686 1583 od
710 1543 834 1605 examen
863 1523 962 1605 liquo·

60 1643 148 1699 rum,
171 1641 280 1700 aquam
303 1622 434 1702 pondere
455 1625 675 1704 superantium,
695 1641 801 1684 verum
822 1621 911 1682 etiam
934 1626 963 1686 in

63 1721 144 1782 scalis
165 1732 279 1802 puncta
299 1721 362 1781 duo
381 1721 462 1794 iias,
484 1723 606 1782 omniuo
624 1725 808 1794 necemus-in,
827 1743 890 1782 non
910 1722 964 1782 ita-
986 1720 993 1732 '

60 1816 140 1880 ient.
165 1820 396 1880 Incommodum
421 1818 489 1880 hino
512 1832 617 1880 notum
640 1820 791 1892 levamen,
816 1819 965 1893 fatemur,

61 1917 191 1996 habuit,
216 1919 296 1998 quod
318 1920 356 1978 ab
378 1941 440 1980 uno
461 1919 593 1992 artifice,
617 1922 672 1980 snb
698 1921 830 1999 Collegit*
850 1925 965 1980 Amt'te-

61 2021 272 2080 tarnanensis
287 2018 522 2100 approbatione,
553 2023 652 2080 omniu
680 2019 788 2081 eoniioi'
808 2019 966 2080 debuerint

60 2139 78 2176 a
98 2107 358 2200 Phermocopoeis
381 2119 551 2180 adhibenda
572 2121 788 2202 Hygrometro3
818 2132 848 2179 at
872 2139 963 2200 vero,

63 2237 135 2276 cum
168 2216 262 2276 simile
294 2215 369 2296 quid
389 2216 488 2277 tainus
516 2231 715 2299 congruenter
743 2239 798 2300 pro
828 2222 965 2279 universa

60 2314 231 2396 Republica
251 2317 363 2378 &tana
385 2321 477 2396 possit
505 2316 587 2388 fieri,
618 2333 710 2399 atque
738 2299 966 2400 insuperprae-

62 2427 141 2497 stet,
168 2427 204 2476 ut
223 2415 338 2496 ubique
356 2437 375 2474 a
396 2419 499 2496 quovis
520 2417 631 2477 artifice
654 2419 851 2499 Hygnometta
875 2417 966 2498 pher-

64 2514 237 2582 mareotica
248 2513 337 2588 fiant,
355 2535 451 2595 eaque
471 2531 555 2576 nerto
572 2515 636 2595 lege
650 2515 862 2594 dijudicentur,
875 2529 969 2596 etque
1014 2546 1023 2551 ·

62 2621 106 2682 sio
125 2615 336 2700 experimento
355 2615 445 2692 faoiii,
465 2637 527 2680 non
539 2615 606 2677 sola
618 2619 793 2700 auotoritote
807 2616 844 2674 de
859 2618 966 2675 instrts·

64 2721 158 2790 menti
179 2717 325 2798 ejusmodi
345 2716 459 2777 ratione
473 2716 569 2799 possit
585 2727 735 2796 constane,
757 2729 888 2777 nostram
903 2735 967 2777 sna·

64 2823 165 2883 larum
191 2815 441 2879 instituendarum
467 2837 608 2878 nocuum
632 2819 855 2899 proponendam
880 2837 966 2898 esse¹

67 2919 243 2982 consultum
264 2917 413 2978 duximus.

108 3020 145 3078 in
165 3015 269 3076 tabula
290 3029 390 3075 tanton
410 3017 528 3096 adiecta·
545 3017 626 3096 juata
646 3016 901 3098 oonrparutiouem
915 3035 970 3076 no·

70 3115 348 3197 stroHygnometra
366 3113 444 3175 inter
464 3127 555 3196 atque
568 3117 750 3189 flaminiano,
771 3113 969 3196 cmnpntutio·

67 3237 140 3278 nom
158 3211 272 3297 peritos
293 3211 484 3293 adposuimus
504 3234 572 3274 omn
594 3216 793 3297 Hygromstro
812 3215 970 3276 Amsteiae·

71 3317 231 3388 dammi„
253 3323 289 3373 ut
308 3311 366 3374 dtis
389 3327 490 3396 posses
512 3314 655 3397 imprime
678 3319 832 3392 inseruire,
863 3313 971 3394 qssibrrs
1068 3336 1075 3350 ·

70 3417 128 3476 hoc
152 3413 384 3474 instrumentum
407 3417 470 3495 iam
496 3427 583 3476 antea
614 3419 643 3474 in
672 3437 728 3475 usu
757 3415 853 3474 fuerit.
886 3415 970 3473 Hono

72 3529 173 3576 antem
197 3513 450 3595 comparationem
475 3515 654 3576 deduximus
676 3535 714 3576 ex
738 3513 968 3596 experimentis,
