2380 4154
243 221 292 300 26
332 287 335 294 ,
588 241 782 300 rotumum
809 217 813 228 '

238 373 370 442 corpore*
389 355 519 440 genuine
536 369 750 440 agnoscantur,
778 369 809 420 et
822 357 866 427 eli
883 349 1063 419 'adulteretis
1083 353 1131 418 di·

238 464 432 543 stinguentur.
443 461 572 535 Possim,
593 457 650 520 ubi
667 481 761 541 opus,
778 462 840 542 ipse
854 461 901 520 ille
914 455 1132 541 corporuinsli·

238 562 392 637 canimus,
412 561 591 643 quibuscum
611 562 742 637 usitato,
771 561 860 641 vulgo
881 557 962 622 dicte
997 558 1133 632 usualia,

237 660 409 744 praesertim
430 661 664 728 confunduntur.

279 760 378 826 Sestio
413 761 542 846 secontia
574 781 700 841 corpora
734 758 888 833 chemino,
920 757 1080 819 encheiresi
1114 779 1133 818 e

238 860 479 944 pharmocopoeo
501 862 649 942 parendo,
665 860 805 939 exhibet.
842 859 908 920 Huc
930 861 1041 921 relotue
1061 869 1133 918 sunt

237 965 444 1045 operationes,
479 983 539 1022 noo
566 973 696 1036 tuntum,
729 983 806 1042 quoe
827 961 915 1042 vulgo
942 958 974 1020 in
994 959 1134 1040 pherme·

238 1062 359 1143 copoeis
389 1061 538 1124 chemicee
569 1061 708 1122 dicuntur
729 1073 759 1122 et
778 1083 797 1121 o
818 1059 966 1122 Galerricis
992 1057 1135 1140 distingui

239 1163 356 1243 solent,
377 1184 479 1228 verum
502 1161 592 1226 etiem
613 1162 727 1224 multae·
745 1183 786 1223 ex
808 1160 853 1222 his
873 1159 1043 1243 postremis.
1068 1160 1136 1222 Hoc

239 1285 328 1324 nemo
348 1263 435 1326 nobis
456 1263 529 1324 vitio
550 1275 661 1339 vertet,
683 1265 834 1344 cogitans,
855 1283 916 1322 non
936 1259 1035 1322 minus
1049 1260 1135 1320 solu·

238 1364 351 1426 tionem
372 1365 590 1446 vegetabilem,
611 1375 796 1436 extructum,
817 1383 983 1444 syropum,
1004 1371 1057 1422 eut
1078 1361 1136 1423 sin·
1178 1371 1179 1376 ’

238 1463 347 1546 gulosis
369 1461 504 1546 principii
526 1462 718 1550 vegetabilis,
751 1463 797 1523 vel
818 1460 954 1528 animulis
975 1458 1139 1542 separatio·

239 1584 307 1624 nem
341 1563 381 1626 ed
411 1566 595 1646 operationes
609 1561 761 1632 ,chemicus
783 1561 954 1643 pertinere,
978 1563 1044 1632 »hoo
1067 1575 1138 1636 est,

239 1663 367 1745 positam
398 1685 462 1730 esse
491 1667 521 1726 io
547 1647 627 1732 certe
654 1662 803 1730 affinitatis
832 1664 896 1744 lege
922 1660 1139 1744 principiorum

241 1767 347 1826 horum
367 1757 526 1848 corporum
549 1765 588 1828 ed
608 1787 641 1826 se
658 1767 783 1834 lotii-'stt
810 1778 840 1832 st
861 1763 899 1834 sd
920 1762 1062 1845 principie
1083 1783 1139 1824 eo·

239 1886 327 1938 runs,
359 1887 436 1944 ques
459 1867 497 1932 ed
517 1869 681 1934 corrodens
703 1864 919 1934 conlectionem
935 1861 1137 1936 contenent,

241 1985 333 2044 quem
353 1967 592 2046 praeparationes
613 1964 694 2040 illes,
719 1985 798 2044 quoe
819 1962 889 2034 olim
910 1966 995 2032 onice
1016 1983 1140 2044 proepo-

240 2063 392 2126 rotiouum
405 2062 603 2132 chemicerurn
617 2065 706 2126 titolo
717 2063 819 2130 venire
834 2064 978 2134 solelnnnt.
995 2064 1140 2124 Ceterum

180 2197 207 2240 ,-
242 2160 485 2228 divisionomlsic
506 2163 687 2230 instituimus
718 2163 869 2232 clsemicee
900 2162 1071 2244 disciplinae
1096 2161 1141 2224 its

242 2261 440 2340 innitentem,
471 2276 526 2338 ut,
548 2264 603 2330 uisi
622 2265 777 2339 fallemur,
809 2263 873 2346 ipse
894 2263 1141 2344 pharmacopoeis

241 2365 426 2443 potissimum
444 2363 596 2444 tyronibus
611 2367 688 2432 viem
703 2375 847 2424 morutret
860 2363 899 2426 ud
913 2361 1050 2422 notitiem
1064 2363 1142 2424 illius

245 2461 394 2528 chersinae
415 2461 583 2544 disciplinae
604 2463 735 2526 theorice
757 2475 890 2544 portem,
921 2484 980 2544 que
1000 2462 1142 2543 pherme·

244 2559 349 2642 oopoei
369 2559 489 2624 scientia
510 2561 623 2623 nititur.
644 2561 677 2621 ln
699 2560 822 2642 paucis,
852 2561 985 2623 nonnihil
1006 2581 1024 2620 n
1044 2564 1143 2642 rigore

246 2660 457 2742 systematico,
478 2664 503 2722 si
523 2665 750 2737 recesserimus,
778 2659 811 2725 id
831 2663 917 2722 unice
938 2659 1144 2743 estfactum,

212 2800 222 2811 ‚
246 2771 282 2820 ut
302 2759 500 2842 perspicuitati
521 2763 763 2840 consuleremus,
797 2772 828 2824 et
853 2782 890 2822 ne
922 2759 1040 2843 penitus
1071 2783 1091 2822 n
1112 2783 1144 2823 se
1178 2839 1179 2848 ἵ

247 2856 376 2920 invicem
396 2873 619 2943 separarentur,
649 2883 725 2946 quoe
757 2864 891 2945 proxime
913 2874 1021 2926 nutura
1041 2864 1145 2945 juncto

249 2974 330 3020 sunt.

291 3061 392 3124 Sentio
412 3065 499 3124 tertia
509 3064 725 3134 medioemeotu
739 3061 908 3144 composite
920 3061 1145 3145 complectitur,

250 3181 330 3241 quse
350 3161 430 3227 nulls
449 3161 553 3230 lechito
572 3165 686 3227 ratione
713 3161 860 3232 efficaciae
889 3164 1046 3234 coemisse,
1065 3168 1148 3246 prin·

251 3259 394 3342 cipiorom
415 3262 501 3327 fiunt.
523 3265 589 3326 Hoc
608 3263 676 3329 loco
696 3281 767 3344 ergo
787 3263 901 3346 relique
920 3261 965 3336 'stu
983 3263 1069 3332 dicu
1084 3267 1148 3328 Ge·

146 3367 151 3380 ’
183 3413 185 3418 .
249 3359 344 3452 lenies
364 3374 540 3444 praeponite
564 3374 773 3439 recensentur,
805 3384 935 3444 quorum
963 3384 1036 3433 usus
1053 3386 1146 3428 ‚con-

249 3462 424 3540 suetudine,
454 3461 623 3546 opinione..
642 3463 688 3528 vel
719 3465 895 3534 anctoritate
922 3462 1062 3532 omnibus
1083 3463 1148 3526 sere

245 3558 384 3626 innotuit.
