2380 4154
421 225 614 276 sucronun
631 263 641 272 .
909 227 955 298 ¹7

55 345 114 406 hae
135 343 229 425 longe
249 338 401 404 efficacius
422 355 579 402 accuratae
599 335 799 422 experientiae
817 337 958 410 etratio·

55 441 127 518 cinii
148 437 352 522 argumentis,
374 461 463 520 quam
483 437 599 520 legibus
619 436 814 498 debellentur.

96 542 195 618 Quod
217 536 241 600 si
262 552 396 600 ceterum
425 533 548 619 practici
577 534 629 596 sibi
660 556 678 594 a
707 533 795 594 nobis
821 545 961 618 praeter·

52 633 146 702 missa
170 640 209 698 nd
231 659 321 698 usum
342 636 531 714 desiderent,
560 635 637 696 haec
654 633 759 696 moniti
777 635 961 720 pirnrtnnc07

54 740 145 823 polae
169 749 291 820 praesto
309 737 458 796 habeant:
490 755 569 816 quae
597 733 676 796 enim
702 733 790 822 hujus
809 734 956 798 Pharma-

54 857 191 920 copoeae
213 833 353 914 catalogo
374 832 582 910 continentur,
613 851 651 892 ex
679 830 861 915 praescripta
890 829 957 914 lege

54 943 87 1000 in
108 935 192 998 omni
214 932 335 995 officina
354 934 501 993 servanda
519 944 612 1010 sunt,
639 941 670 994 at
696 932 754 992 alia
772 952 833 992 nou
854 929 961 1020 exclu-

56 1038 185 1098 duntur.
984 1111 988 1122 ¹

96 1137 186 1196 ldem
216 1135 314 1212 vaiet,
347 1132 429 1214 quod
457 1131 563 1201 attinet
592 1133 631 1194 ad
655 1132 797 1194 selectum
828 1155 846 1194 n
871 1133 959 1196 nobis

55 1241 227 1300 institutum
249 1234 286 1294 de
307 1231 343 1295 iis
364 1231 602 1308 medicamentis,
623 1255 699 1315 quae
720 1233 750 1294 in
764 1234 889 1318 officinis
903 1235 959 1299 mi·

56 1357 170 1400 norum
193 1332 375 1416 oppidorum
395 1343 425 1392 et
446 1353 591 1414 pagorum
613 1333 751 1409 sufficere
771 1345 924 1418 poterunt.

95 1436 240 1496 Alterum
257 1429 350 1514 idque
372 1429 481 1494 summi
502 1431 646 1492 momenti
660 1443 776 1516 spectat
792 1432 893 1496 studia
905 1454 960 1495 no·

58 1549 135 1610 stra,
162 1548 197 1594 ut
219 1554 274 1616 pro
295 1552 479 1614 unoquoque
506 1531 725 1614 medicamento
746 1537 960 1616 componcndo

63 1631 259 1717 praeparandi
279 1631 408 1692 formula
429 1630 620 1693 exhiberetur
641 1630 723 1706 talis,
751 1633 845 1714 qttnlis
865 1635 961 1696 medi·

62 1747 249 1810 cementum,
271 1755 289 1792 a
310 1731 400 1794 variis·
417 1744 447 1794 et
467 1735 708 1814 variotempore
729 1747 885 1816 paratum,
908 1734 957 1796 in·

61 1835 147 1913 dole,
176 1849 268 1914 atque
289 1833 365 1894 adeo
387 1831 500 1894 virtute
518 1855 634 1916 semper
653 1829 710 1894 sibi
735 1831 828 1894 sitniie
849 1832 959 1894 redde·

60 1946 121 2008 ret,
143 1953 224 2014 quae
239 1951 330 2013 porro
345 1951 407 1991 sese
421 1929 625 2013 simplicitate,
641 1928 803 1992 encheiresi
817 1929 958 2014 faciliori,

62 2049 104 2108 et,
137 2030 163 2093 si
185 2029 250 2092 fieri
271 2044 391 2112 posset,
423 2029 531 2090 minori
560 2051 664 2092 earum
693 2053 815 2110 rerum,
847 2032 955 2116 quibus

63 2130 232 2196 consistere
248 2129 374 2206 debeat,
395 2129 493 2210 pretio
514 2131 747 2194 commendaret.

99 2229 191 2290 Nulla
213 2249 231 2286 a
250 2229 335 2288 nobis
356 2226 553 2309 praeparandi
572 2228 724 2310 formula,
754 2231 801 2291 vel
826 2233 956 2292 auctori·

63 2340 122 2390 tate
144 2327 290 2400 aliorum,
313 2325 361 2388 vel
381 2323 521 2408 opinione
543 2327 744 2409 praejudicata
764 2343 883 2414 recepta
897 2347 956 2406 est,

64 2431 112 2490 sed
132 2449 213 2510 quae
236 2440 327 2486 anteo
345 2447 398 2508 per
419 2425 776 2508 experientiamseveram
793 2431 956 2512 nobisipsis

64 2542 125 2588 erat
145 2528 284 2610 probata.
320 2523 464 2594 Omnium
487 2539 662 2600 auctorum,
688 2543 831 2608 quantum
853 2529 955 2610 potui-

62 2648 125 2687 mus
134 2672 145 2704 ,
169 2623 368 2708 praeparandi
388 2623 675 2686 medicamentorum
697 2626 878 2708 singulorum
894 2628 955 2688 sot·-

64 2728 157 2788 mulns
188 2724 392 2798 excussimum
420 2745 476 2786 nec
500 2724 709 2803 ,ratiocinando
739 2737 873 2804 tantuin,
905 2729 956 2796 sed

63 2826 266 2909 experiundo,
294 2823 362 2886 illas
387 2827 464 2884 inter
494 2846 527 2886 se
554 2823 753 2904 contulimus,
784 2839 815 2888 et
837 2828 956 2890 tandem

64 2947 146 3004 enin,
180 2943 259 3004 quae
288 2925 352 2982 usui
379 2919 507 2982 maxime
537 2917 760 2984 accommodata
786 2926 954 3002 videretur,

63 3020 265 3106 probavimus.
276 3023 336 3082 Nec
348 3018 380 3080 in
395 3020 462 3080 sola
473 3020 678 3084 emendatione
693 3022 826 3087 chemica
840 3025 957 3106 acquic·

64 3125 183 3202 timus,
211 3122 263 3184 sed
291 3119 404 3182 nuiinm
428 3139 566 3204 receptae
592 3121 737 3184 formulae
758 3124 955 3190 mutationem

67 3222 285 3309 proposuimus,
307 3219 362 3282 nisi
383 3221 508 3284 solticito
526 3221 670 3296 etiamad
686 3244 841 3306 aegrorum
863 3224 957 3287 lectos

65 3323 207 3388 minine
224 3321 315 3384 nobis
329 3321 421 3402 plane
438 3333 586 3382 constaret
611 3323 649 3382 de
675 3321 752 3386 iliius
773 3345 844 3406 prae
865 3325 960 3390 veteri

64 3420 245 3504 praestantia
267 3433 297 3480 ct
317 3417 501 3482 efficacitate.
531 3423 633 3486 Novae
665 3421 754 3482 etinm
791 3421 877 3496 hinc,
913 3425 958 3486 vel

833 3525 879 3584 n’
