2380 4154
407 227 572 277 monitum
640 239 645 256 t
906 235 928 310 7
1095 246 1108 272 r

69 343 155 418 primo
173 341 306 422 adspectu
323 341 554 422 perlustrandas
573 343 678 424 offert.
704 341 772 406 Una
792 367 808 404 e
829 345 941 408 tabulis

68 439 199 520 adauctis
210 453 405 526 repraesentat
419 445 599 522 apparatum
618 443 753 524 Woulfii
770 458 800 506 et
812 445 935 527 Nothii,

70 556 96 600 ut
112 561 130 600 a
148 545 218 602 nullo
238 545 345 604 lectore
358 565 458 604 eorum
474 546 657 608 constructio,
664 547 826 624 ignoretur.
843 547 878 606 ln
892 551 937 606 ui·

68 639 138 702 ribus
146 642 365 704 medicaminum
379 645 541 705 recitandis
554 646 708 714 saniorem
718 647 880 727 empiriam
892 665 937 708 se·
996 673 1002 680 ·

54 757 140 802 ιιιιιιι
149 789 159 818 ,
184 747 224 803 ad
242 764 359 825 organa
381 747 563 806 secernentia
584 759 613 806 et
634 747 825 823 excretoria‚
855 768 936 826 quae

70 845 183 906 maxime
196 845 280 904 abiis
296 847 480 918 excitantur,
491 847 681 926 potissimum
695 845 898 928 attenturfui,
909 861 938 908 et

68 941 105 999 ud
113 948 325 1022 concitationes,
342 965 422 1027 quae
436 947 467 1006 in
480 947 583 1006 solidis
594 947 703 1026 palam
712 947 806 1031 fiunt,
815 965 936 1008 summa

66 1061 120 1101 curn
135 1049 338 1121 persuasione,
360 1045 509 1128 lucusque
530 1067 583 1106 nec
603 1047 739 1120 chemin,
765 1066 820 1107 nea
836 1047 938 1126 plsilo·

66 1146 175 1222 soplu'a,
193 1168 281 1228 quarn
302 1159 430 1220 naturae
450 1148 624 1225 cognomine
644 1147 804 1226 insigniunt
815 1191 827 1227 ,
849 1165 887 1206 ac
906 1149 935 1206 si

66 1263 115 1302 non
133 1250 220 1307 omnis
236 1247 433 1329 philosophia
452 1247 495 1306 ad
516 1261 658 1308 naturam
679 1247 869 1328 corffornrari
883 1265 935 1306 ca·

66 1362 111 1420 que
128 1351 284 1426 superstrui
302 1346 427 1419 debeat,
460 1346 539 1406 uires
565 1349 619 1408 lias
639 1367 677 1408 ea
697 1349 728 1408 ia
751 1349 816 1408 luce
836 1345 935 1406 collo-

60 1459 135 1528 putas
153 1469 229 1527 esse,
250 1464 284 1511 ut
306 1448 464 1508 divisiones
486 1459 513 1508 et
533 1449 736 1510 conclusiones
757 1447 866 1509 exinde
876 1467 935 1527 pe·
1010 1483 1014 1493 ·

68 1543 122 1604 sitae
147 1568 202 1606 non.
231 1561 351 1630 possent
381 1549 529 1609 medicum
558 1549 722 1630 perducere
744 1543 775 1608 in
789 1549 934 1629 funestis-

72 1644 141 1704 simos
156 1671 278 1712 errores.
301 1650 380 1710 Nam
401 1652 479 1710 vires
499 1651 619 1727 uitales,
651 1670 750 1731 quae,
779 1663 809 1710 ut
829 1667 948 1711 omnes„

69 1760 169 1820 norunt,
192 1770 251 1809 non
274 1750 451 1826 inferiorem
467 1765 587 1828 partem
610 1750 776 1829 suscipiunt
803 1751 934 1827 inesse·

27 1849 28 1912 ζ
65 1843 136 1902 cu'tus
154 1849 388 1916 medicaminum
408 1845 552 1924 edendis,
576 1869 631 1908 nec
651 1847 803 1906 crucibulo
822 1847 933 1908 cltemi-

27 1935 28 1940 '
66 1959 147 2004 corum
166 1949 257 2008 solum
283 1947 502 2024 explorantur,
532 1969 584 2007 nec
610 1949 843 2028 sophismatibus
861 1949 933 2028 plri-

63 2041 242 2126 losoplsorum.
264 2047 339 2108 Non
360 2048 458 2108 stricte
479 2050 592 2108 inhaesi
612 2050 712 2138 ordini
732 2049 762 2106 in
777 2051 932 2128 plsarma·

62 2161 155 2222 copoea
174 2150 295 2208 Batava
316 2147 489 2225 observato,
518 2162 608 2228 atque
638 2149 819 2207 intermiscui
839 2151 932 2206 inter·

27 2307 28 2312 η
61 2240 116 2302 dum
135 2246 321 2330 simplicibus
339 2261 526 2326 praeparata
546 2263 573 2306 et
593 2248 759 2332 composita
770 2269 781 2322 ,·
802 2245 885 2326 quod
898 2248 931 2304 irs

59 2341 288 2430 pharmacopoea
309 2349 468 2408 uniuersali
477 2349 579 2427 facile
607 2349 775 2407 condonari
797 2347 933 2426 poterit,

60 2462 111 2503 cum
135 2450 188 2507 lroc
213 2445 305 2508 modo
338 2447 556 2526 medicamina,
595 2467 673 2526 quae
697 2449 803 2525 forma
827 2448 932 2525 potius

27 2617 28 2622 ἵ
58 2560 132 2618 quau
151 2552 259 2616 uirtute
281 2546 451 2625 differunt,
472 2547 569 2607 minus
590 2561 800 2626 segregentur,
832 2560 858 2604 et
880 2563 931 2604 ea·

27 2633 28 2642 ’
59 2643 157 2721 tologus
177 2648 336 2706 uerborum
356 2644 556 2724 alphabeticus
575 2667 634 2720 ea,
655 2667 734 2724 quae
755 2666 807 2704 uec
829 2646 932 2702 incon·

27 2797 28 2804 ,
59 2725 168 2806 siderate
187 2766 242 2806 nec
263 2745 424 2824 incongrue
445 2763 589 2828 separata
603 2749 753 2826 fuerunt,
784 2745 837 2805 sui
862 2759 932 2804 teria

59 2837 283 2905 denominatione
297 2845 488 2924 recolligens,
509 2846 607 2906 locum
622 2847 751 2917 indicet,
771 2845 820 2904 ubi
834 2845 931 2923 quivis

57 2932 210 3002 curioiirari
232 2946 406 3022 satisfacere
424 2950 525 3024 possit.
560 2945 603 3005 Ob
636 2944 796 3004 ubertatem
827 2963 929 3004 rerum

57 3049 78 3094 et
88 3043 255 3118 eonsilium,
269 3041 352 3123 quod
363 3044 437 3122 cepi,
445 3058 568 3124 praeter
578 3041 789 3132 medicamina,
797 3045 931 3100 omniurn

58 3151 99 3194 ore
112 3139 312 3218 praedicata,
340 3160 378 3200 ea
397 3141 503 3201 saltem
527 3139 659 3218 libandi,
691 3159 771 3220 quae
792 3141 822 3198 in
843 3139 928 3198 liiiris

57 3239 167 3306 sparsim
188 3252 367 3317 occurrunt,
387 3239 442 3299 etsi
462 3239 510 3298 vel
521 3237 664 3299 medicum
689 3257 747 3296 non
770 3239 932 3315 rarosru·

27 3329 28 3360 s
55 3342 188 3412 strentur,
221 3336 270 3396 oet
286 3355 397 3416 parum
426 3338 543 3398 virtutis
575 3341 605 3396 in
630 3341 670 3396 eis
691 3336 800 3409 lateat,
834 3345 927 3394 renum

55 3431 202 3514 volumen,
222 3436 349 3497 nemole
362 3437 602 3518 suavossenderet
612 3480 625 3516 ,
644 3435 939 3536 additarnentanon

1101 2321 1119 2360 s

969 3324 975 3352 N
