2404 4156
231 250 278 302 22
541 275 545 284 ·
578 247 768 299 arenauno
1177 217 1180 346 i

254 358 389 448 ‘Minoris
409 360 485 424 forte
506 371 551 422 est
569 359 728 440 momenti,
749 353 802 424 sed
816 371 915 422 tamen
931 357 1012 420 haud
1027 381 1119 442 prae·
1178 355 1180 376 ¹

222 461 469 539 termittendnm,
491 463 520 521 in
540 479 683 541 generum
702 463 963 544 grammaticorum
983 479 1119 541 quorun·

223 561 293 622 dam
314 566 509 623 terminorum
529 561 732 625 technicorum
753 560 964 622 constitutione
983 557 1118 640 aliquam

225 679 279 720 nos
298 659 456 722 instituisse
476 663 692 735 mutationem,
720 661 767 722 eei
793 662 894 742 potine
920 655 972 719 iiia
1001 658 1039 719 ad
1069 679 1119 742 ge·

200 759 308 822 'nium
327 761 465 844 linguae,
501 760 540 821 ad
568 771 657 842 mam
687 759 801 842 origine
829 770 917 820 tenus
947 761 1120 843 pertinent,

225 860 275 923 vel
296 859 444 943 pertinere
464 869 641 938 censentur,
661 859 823 922 reduxisse.

267 959 313 1020 ita
333 958 479 1021 vocabula
499 958 537 1019 de
559 955 648 1018 acidis
662 958 760 1037 sacta,
781 977 859 1039 quae
879 955 1121 1021 terminationem

224 1077 262 1120 us
283 1055 447 1140 recipiunt,
467 1077 486 1116 a
498 1054 601 1118 moitis
621 1055 652 1116 iu
674 1075 782 1138 genere
795 1054 959 1117 masculino
972 1054 1122 1131 adhibite,

227 1161 263 1216 u‘t
284 1155 424 1238 eulphas,
453 1151 583 1230 murina,
614 1151 782 1231 carbones,
806 1156 897 1215 nitras
918 1163 975 1215 etc.
996 1173 1014 1214 u
1033 1153 1122 1216 nobie

224 1254 257 1319 iu
277 1265 384 1317 neutro
405 1275 513 1337 genere
533 1251 719 1314 adhibentur.
750 1253 802 1314 iila
823 1263 949 1326 autem,
971 1261 1057 1335 'quac
1078 1252 1124 1316 'si-

226 1356 302 1418 miiis
324 1353 443 1437 originis
476 1356 507 1414 in
531 1357 559 1414 is
579 1353 737 1428 desinunt,
768 1364 804 1414 ut
833 1351 947 1438 suiphis
959 1397 970 1428 ,
998 1357 1124 1429 tarttis,
1181 1343 1182 1398 i

225 1454 326 1530 niuis,
346 1456 459 1536 generis
479 1451 631 1518 foeminini
651 1461 819 1515 sumuntur.
853 1451 977 1514 Aicoboi
999 1463 1124 1534 auum,
1181 1417 1182 1488 i

227 1577 287 1618 oon
308 1549 462 1629 neutrius,
490 1553 542 1615 sed
563 1552 714 1614 masculini
741 1556 867 1616 sumitur
892 1555 1024 1634 generis,
1051 1575 1123 1616 cnm
1181 1504 1183 1630 i

227 1675 285 1716 vox
306 1653 344 1716 sit
365 1652 514 1714 idiomatis
538 1649 672 1728 arabici,
699 1650 731 1713 in
754 1673 817 1736 quo
843 1656 977 1714 neutrius
1004 1655 1122 1735 generis
1182 1641 1183 1644 ¹

226 1751 412 1817 substantive
432 1771 494 1812 non
512 1763 697 1825 occurrunt,
716 1760 747 1810 et
768 1750 811 1812 sic
831 1751 979 1834 deinceps.

267 1848 470 1932 Quantumvis
490 1859 591 1911 autem
612 1850 688 1910 hene
716 1859 870 1931 tantopere
896 1847 1123 1912 commendabi-

225 1951 287 2014 iem
314 1949 593 2023 nomenclaturam,
626 1947 666 2008 ad
696 1967 833 2010 normam
862 1947 1032 2032 disciptinae
1061 1951 1124 2011 La·

226 2051 417 2113 roisierianae
446 2046 633 2121 institutam,
663 2042 701 2108 ad
730 2067 818 2109 usum
846 2047 1122 2132 pharmaceuticum

225 2171 288 2213 non
308 2148 430 2230 miuus,
450 2169 542 2230 quam
559 2148 726 2208 chemicnm
747 2147 931 2231 aptissimam
951 2147 1123 2231 credimus,

225 2235 412 2313 nontamen
433 2251 615 2331 opinemur,
644 2245 732 2308 iilam·
754 2267 824 2308 mox
853 2247 892 2308 ab
918 2247 1055 2311 omnibus
1074 2269 1126 2311 re·

123 2353 128 2360 '
225 2360 348 2434 ceptum
368 2348 430 2424 iri,
448 2349 495 2410 rei
515 2350 604 2408 etiam
623 2365 711 2430 posse
730 2349 829 2430 recipi.
865 2347 927 2426 Qui
957 2346 1037 2409 enim
1056 2367 1125 2412 me·

224 2429 285 2512 itin
305 2446 445 2533 machoi,
473 2444 543 2509 inde
573 2467 612 2509 ex
633 2447 721 2530 ionga
740 2465 886 2508 annorum
905 2446 1124 2511 consuetudine
1183 2495 1184 2504 ,

225 2547 344 2624 ffieucti
363 2562 432 2610 tunt
453 2544 630 2629 quotidiano
660 2549 727 2608 usui
756 2545 952 2608 terminorum
979 2546 1123 2630 artique·

226 2667 314 2728 nrm,
334 2667 394 2708 non
415 2645 499 2708 facile
519 2667 557 2708 eo
578 2656 718 2730 potarunt
737 2645 881 2729 perduci,
908 2657 943 2708 ut
963 2646 1121 2730 antiquum

224 2769 341 2811 morem
361 2745 524 2810 dediscant.
540 2748 662 2810 Certum
685 2758 786 2810 tamen
806 2759 865 2827 est,
887 2747 962 2809 haec
980 2751 1122 2820 nomine,

227 2851 364 2932 memus
384 2849 483 2927 laute,
511 2845 669 2930 aliquando
688 2867 743 2931 per
761 2849 894 2930 ipsorum
916 2847 1121 2912 excellentiam

228 2947 260 3010 in
280 2967 367 3009 usum
391 2945 596 3028 quotidianum
627 2935 767 3007 venturas
799 2947 864 3006 imo
887 2947 948 3030 hoc
973 2959 1124 3030 praestat,

228 3069 319 3132 quam
340 3057 376 3110 ut
397 3047 503 3108 ieviter
520 3045 575 3126 uti,
604 3049 656 3129 qui
685 3043 820 3108 hodierni
841 3047 1010 3130 systematis
1030 3051 1124 3110 ratio-

224 3167 298 3210 nem
328 3147 410 3209 haud
440 3144 558 3231 penitus
587 3145 812 3230 perspexerint,
841 3145 969 3206 nomina
999 3147 1123 3231 antiqua

228 3265 297 3308 cura
314 3251 394 3308 novis
406 3257 594 3330 permutent,
614 3249 714 3329 sicque
727 3245 811 3308 iaciie
825 3247 1028 3325 couiimdant,
1042 3269 1124 3330 quaa

228 3345 317 3410 vaide
337 3346 506 3422 dissimilia,
525 3349 564 3410 ad
585 3365 691 3408 sonum
713 3345 811 3408 affinia
825 3347 983 3423 ridentur,
1004 3349 1045 3408 ita
1058 3352 1125 3430 qui-

226 3447 319 3528 deut,
350 3461 384 3512 nt
403 3469 503 3514 encre
523 3447 600 3510 sorte
620 3445 717 3530 aegris
736 3447 838 3528 fatali,
870 3449 1122 3512 medicamentum
