2380 4154
423 231 609 282 LECTOREM
914 231 926 278 l
938 231 950 278 l

60 346 91 407 in
109 343 272 426 majoribus
293 341 461 405 civitatibus
490 345 595 408 saltem
624 343 724 426 aliqua
751 342 790 406 ad
821 341 954 406 officinas

60 444 317 531 pharmaceuticas
336 442 523 509 instruendas
543 467 627 520 eura,
658 443 716 506 fuir
744 446 820 506 haee
840 446 871 524 in
892 441 956 509 aliis

58 545 179 630 penitus
200 544 352 626 neglecta,
372 558 404 605 et
422 543 455 605 in
469 544 585 628 oppidis
598 542 764 608 minoribus
780 560 870 626 atque
887 560 956 604 rure

60 647 195 729 supellex
207 643 537 726 pharmaceuticenulla
550 665 669 726 prorsus
678 643 745 726 lege
756 643 877 706 definita
888 640 955 706 suit.

82 801 85 808 .
99 742 209 822 Qualis
231 763 304 823 ergo
324 739 394 802 hinc
407 739 438 802 in
452 740 622 805 uuiversum
636 739 751 804 exoriri
765 741 874 802 debeat
888 762 957 802 con·

62 841 132 904 ditio
146 841 191 904 rei
206 839 589 923 pharmaceuticae,.‚nemo
603 863 665 904 oon
677 839 823 922 intelligit.
838 840 955 920 Quodsi

60 944 137 1002 enim
158 955 212 1001 aut
232 939 316 998 nulla
334 939 422 1022 lege,
455 954 509 1002 eut
529 962 605 1022 quae
627 961 686 1001 noo
706 938 854 1016 srdliciat,
881 937 956 1002 deli·

60 1043 174 1115 riatur,
195 1061 346 1122 quaenam
367 1039 585 1108 medicamenta
604 1041 644 1102 ad
658 1061 851 1102 communem
870 1061 957 1102 usum

58 1142 89 1205 in
110 1138 382 1221 officinis-praesto
403 1139 539 1202 debeant.
551 1161 636 1218 esse,
665 1161 761 1221 neque
781 1150 957 1217 moueatur,

59 1241 157 1326 qualis
180 1240 308 1300 selectus
327 1239 544 1320 instituendus,
576 1249 606 1300 et
637 1238 731 1320 qualis
762 1236 958 1322 praeparandi

61 1345 136 1402 ratio
157 1338 326 1426 adhibenda
344 1341 403 1412 sit,
435 1359 538 1398 verum
568 1337 641 1398 haec
668 1336 776 1420 judicio
797 1349 886 1420 atque
908 1359 957 1398 ar·

59 1441 148 1504 bitrio
181 1439 482 1522 pharmacopolamm
513 1437 700 1522 potissimum
734 1437 957 1520 relinquantur,

64 1562 191 1622 quorum
212 1537 262 1599 hic
275 1539 549 1620 Pharmacopoeam
565 1539 887 1612 Amstelode'mensem,
907 1537 957 1600 illd

67 1641 339 1722 Edinburgensem‚
361 1638 435 1700 alius
457 1637 567 1717 eliam,
589 1641 820 1700 commodiorem
841 1641 956 1718 risam,

68 1761 119 1822 pro
138 1761 246 1800 norma
267 1738 322 1800 sibi
343 1737 449 1822 eliget,
481 1737 627 1800 lierinon
647 1749 762 1820 potest,
797 1736 868 1819 quin
889 1736 958 1801 hinc

65 1839 305 1922 aegrotantibus,
325 1859 362 1898 ex
383 1835 525 1918 ejusmodi
546 1837 727 1920 supellectile
748 1855 836 1920 opem
859 1851 958 1920 peten-

65 1939 158 2014 tibus,
191 1937 350 2019 multiplex
378 1939 540 2018 periculum
561 1936 721 1999 immineat.
754 1941 819 1998 Non
840 1948 958 2024 tanturn

64 2040 101 2098 sic
121 2057 213 2118 saepe
235 2033 458 2112 medicamento¹
468 2035 631 2096 admodum
646 2035 730 2096 utilia
744 2036 851 2096 frustra
869 2057 958 2117 quae·

64 2151 184 2209 rantur,
206 2154 312 2194 verum
334 2132 423 2194 etiam
445 2133 500 2194 sub
522 2134 628 2196 eodem
650 2134 736 2196 titulo
757 2138 787 2194 iu
808 2133 893 2196 ruriis
916 2135 958 2196 ol·

65 2230 154 2300 sucinis
178 2231 395 2291 medicamenta
416 2243 594 2304 occurrunt,
628 2232 727 2292 indole
748 2253 890 2314 perquam
911 2231 957 2292 di·

69 2352 163 2420 versa,
184 2333 228 2396 ita
249 2329 401 2418 quidem„
418 2341 452 2390 ut
481 2351 568 2412 saepe
590 2331 720 2392 medicus
740 2353 800 2392 non
820 2343 958 2392 accurate

67 2443 228 2516 cognoscat
250 2435 386 2492 virtutem
408 2433 489 2512 ejus,
520 2432 601 2513 quod
622 2430 813 2516 praescribit,
840 2431 964 2517 potissif

65 2553 169 2610 mum,
202 2533 224 2591 si
245 2531 282 2589 de
303 2540 481 2612 praeparato
502 2530 634 2592 chemico
655 2543 773 2612 agatur,
804 2529 859 2592 nisi
889 2541 958 2594 ante

64 2628 136 2690 illud
157 2633 189 2688 in
210 2649 389 2708 unaquaque
411 2627 530 2708 officina
541 2675 552 2707 ,
586 2652 716 2711 quacum
744 2629 799 2712 ipsi
826 2648 871 2690 res
892 2640 960 2706 est,

66 2731 289 2788 examinaverit.
491 2795 493 2801 y
695 2793 698 2800 ,

105 2830 149 2910 Et
170 2849 265 2909 quum
287 2829 367 2889 nulla
389 2829 475 2890 detur
493 2829 525 2890 in
548 2841 613 2891 toto
638 2843 785 2892 terrarum
816 2833 889 2894 orbe
910 2853 960 2894 re·

68 2931 138 3008 gio,
163 2931 195 2988 in
216 2948 277 3008 qua
297 2939 358 2988 tam
380 2929 529 2990 assiduum
551 2941 582 2990 et
601 2931 755 3020 multiplex
775 2946 960 3020 mercaturae
1056 3003 1059 3023 ἱ

66 3039 172 3088 caussa
193 3029 270 3086 inter
290 3029 437 3090 variarum
461 3029 579 3091 urbium
608 3031 716 3091 incolas
746 3030 785 3092 sit
813 3027 960 3108 cumiuer-¹

66 3128 168 3202 dum,
207 3126 316 3184 mirum
345 3126 424 3186 nulla
454 3113 581 3187 tutione⁸
598 3126 753 3208 videatur,
797 3126 960 3192 tristissima
1004 3171 1009 3180 ·

69 3223 179 3306 passim
201 3224 283 3306 apud
296 3245 350 3286 nos
364 3228 492 3317 extitisse
512 3242 700 3308 aegrotorum
714 3230 867 3312 exempla,
888 3229 961 3311 qui,

63 3322 157 3404 hujus
179 3324 307 3381 incuriae
328 3320 487 3404 victimae,
509 3321 586 3386 tristi
605 3325 676 3386 fato
688 3327 890 3388 occubuerunt
903 3327 959 3388 sul>

65 3409 134 3482 usu'
146 3417 289 3498 remedii,
309 3423 391 3502 quod
411 3422 492 3484 domi
507 3409 587 3483 vbene
607 3423 763 3506 forebant,
784 3425 836 3490 sed
856 3427 955 3512 quod,
