2380 4154
248 291 290 342 10
583 290 777 343 PRAEFATIO

240 401 371 466 maximo
392 423 462 465 sane
483 401 616 486 optimae
637 403 708 478 arti,
730 400 907 488 eximiisque
929 399 1008 462 illius
1029 399 1060 461 in
1082 422 1143 484 pa·

241 501 299 564 tria
318 519 420 565 nostra
440 502 604 565 cultoribus
626 506 807 586 opprobrio,
837 501 1043 564 inconcinnam
1071 522 1144 562 me·

241 601 477 663 dicamentorum
491 601 685 684 farraginem,
700 623 777 683 quoe
792 601 905 663 dudum
917 598 1017 660 sanior
1028 603 1143 660 nostris

241 699 346 762 diebus
365 695 514 760 medicina
535 695 646 780 rejecit.
675 698 734 760 Hic
761 697 865 780 itaqua
889 696 988 780 potius
1008 691 1145 758 inveniri

241 798 344 872 velles,
367 817 443 878 quae
457 795 487 856 in
501 795 597 857 lucem
610 795 760 878 protraxit
778 793 979 862 recentiorum
992 793 1141 876 solertia,
1182 847 1183 850 ,

242 896 412 978 quibusque
425 881 515 956 nemo
530 893 715 958 medicorum
735 895 826 965 hodie
846 879 937 964 ,vellet
951 915 1062 954 carere.
1078 896 1144 956 De·

240 996 332 1078 nique
352 995 383 1055 in
403 993 438 1054 iis
461 993 613 1058 codicibus
635 1000 698 1079 ipsu
719 993 886 1078 composita
907 995 1069 1076 pharmaca
1086 991 1141 1055 vix

241 1117 372 1176 unquam
389 1093 459 1155 talia
472 1115 537 1156 esse
550 1096 712 1177 jubentur,
732 1095 832 1178 qualia
845 1116 864 1154 a
876 1096 1009 1177 probatis
1022 1092 1055 1154 in
1070 1108 1141 1154 arte

242 1194 312 1255 viris
333 1207 490 1262 censentur
509 1195 547 1253 ud
568 1215 656 1255 usum
677 1181 820 1255 vocanda.
842 1195 920 1254 Hinc
940 1193 1051 1254 lactum
1074 1207 1142 1270 est,

236 1305 300 1371 ut,
333 1293 404 1355 licet
423 1293 455 1354 hi
476 1294 594 1356 codices
622 1293 857 1376 pharmaceutici
886 1293 1009 1355 nomine
1035 1293 1140 1356 adhuc

242 1391 344 1475 vigere
365 1392 540 1467 videantur,
571 1407 769 1469 usu'temen,
798 1405 834 1456 ut
854 1413 1012 1472 meruere,
1041 1391 1141 1456 ferme

169 1571 173 1582 .
243 1491 437 1554 exoleverint.
457 1492 593 1572 Accedit,
624 1491 677 1575 qui
697 1493 843 1554 malorum
864 1491 998 1554 omnium
1020 1505 1064 1553 est
1085 1515 1144 1552 cu-

243 1591 358 1668 mulus,
379 1591 462 1673 quod
482 1590 513 1651 iu
534 1591 634 1654 mulus
654 1591 768 1674 patriae
788 1593 925 1665 urbibus,
946 1591 1069 1652 solemni
1084 1591 1142 1672 ju-

244 1689 403 1771 rejurando
424 1691 687 1772 pharmacopolae,
713 1701 874 1772 antequam
895 1691 934 1749 ad
954 1692 1024 1750 ortis
1043 1709 1140 1748 exer-

243 1785 344 1849 citium
366 1787 584 1862 admiruntur,
603 1781 704 1848 sancte
717 1787 892 1870 promittere
907 1799 1083 1867 teneantur,
1105 1801 1147 1848 ut·

243 1889 281 1948 ad
303 1887 394 1947 tale'm
414 1905 548 1947 nonnam
575 1885 776 1948 remediorum
806 1883 1066 1969 praeparationem
1096 1875 1143 1946 iii·

134 1979 146 1998 '
243 1985 375 2048 stituant.
427 2001 429 2008 '
513 1994 517 2004 ⁴

283 2088 318 2145 ln
347 2084 411 2146 sola
441 2087 558 2146 civitate
578 2084 844 2148 Amstelodnmenti
870 2084 958 2166 longe
982 2093 1142 2168 praestan·

243 2185 301 2246 tior
322 2185 386 2246 talis
410 2185 519 2246 Codex
538 2198 674 2268 receptus
696 2201 756 2259 est,
780 2207 872 2268 quern
888 2183 1051 2248 Clarissimi
1066 2187 1143 2247 Col-

240 2284 438 2367 legiiMedici
459 2285 646 2368 iuspectores
666 2305 745 2346 anno
764 2303 854 2368 1792,
872 2279 1017 2362 laudabili
1032 2287 1139 2354 admo2

243 2387 316 2447 dum
326 2385 479 2460 instituto,
499 2386 554 2448 sub
569 2381 655 2446 titulo
669 2388 935 2466 Ptarmacopoeae
945 2385 1049 2449 Novae
1063 2393 1148 2448 Am·

242 2487 468 2548 melodunensis
499 2499 583 2545 tanto
617 2483 716 2546 studio
746 2498 778 2545 et
811 2502 910 2544 rerum
945 2481 1141 2563 intelligentia
1181 2523 1182 2526 =

242 2590 471 2654 concinnantur,
492 2600 526 2644 ut
541 2583 741 2645 formularum
763 2582 956 2644 officinalium
977 2579 1142 2664 plurimae,

240 2667 350 2761 mugitu
364 2680 435 2742 artis
446 2679 586 2743 'salutaris
603 2682 826 2760 emolumento,
847 2684 886 2746 ud
900 2689 986 2744 sarias
1000 2682 1141 2745 chemiae

242 2783 358 2862 regulas
380 2782 519 2842 redactae
540 2792 572 2842 et
591 2783 767 2843 emendatae
789 2781 961 2864 prodierint.
989 2785 1027 2843 At
1048 2789 1146 2864 quaed¹

243 2901 363 2963 cunque
383 2885 441 2944 sint
459 2883 545 2964 hujus
564 2887 663 2966 operis
683 2885 807 2957 merite,
834 2901 911 2963 quae
933 2894 1019 2966 grato
1039 2886 1143 2946 animo

241 2985 381 3046 lubenter
400 2981 605 3065 agnoscimus,
627 2982 757 3043 multum
776 2995 878 3044 tnnen
900 2983 983 3044 abest
995 2993 1063 3055 ‚··ut
1082 2983 1144 3042 ho·

243 3081 349 3144 dierno
368 3081 472 3163 illique
493 3081 658 3166 splendenti
679 3077 813 3140 chemino
833 3091 924 3162 atque
944 3078 1140 3163 pharmaciae

244 3182 353 3256 statui,
374 3181 426 3264 qui
445 3186 628 3265 potissimum
649 3181 719 3244 inde
740 3185 777 3244 nb
799 3165 924 3244 accensa
940 3201 995 3266 per
1015 3181 1143 3245 immor·

243 3283 334 3361 talem
355 3285 579 3344 anorsnttuun
598 3281 681 3358 lace,
702 3293 749 3344 tot
774 3283 997 3365 clarorump'er
1018 3301 1142 3343 omnem

243 3382 397 3464 Europam
417 3379 589 3441 florentium
612 3379 742 3441 virorum
772 3369 925 3442 communi
954 3399 1066 3462 opera,
1096 3382 1144 3439 in·

241 3480 353 3557 voluit,
383 3494 417 3541 ut
437 3501 491 3562 par
511 3494 575 3555 cst,
604 3479 791 3561 respondent.
829 3481 939 3542 Habita
961 3477 1080 3540 interim
1104 3483 1144 3540 tit
