<?xml version="1.0" encoding="UTF-8"?>
<!DOCTYPE html PUBLIC "-//W3C//DTD XHTML 1.0 Transitional//EN"
    "http://www.w3.org/TR/xhtml1/DTD/xhtml1-transitional.dtd">
<html xmlns="http://www.w3.org/1999/xhtml" xml:lang="en" lang="en">
 <head>
  <title>
</title>
<meta http-equiv="Content-Type" content="text/html;charset=utf-8" />
  <meta name='ocr-system' content='tesseract 3.04.00' />
  <meta name='ocr-capabilities' content='ocr_page ocr_carea ocr_par ocr_line ocrx_word'/>
</head>
<body>
  <div class='ocr_page' id='page_1' title='image "./pharmacopoeabat01niemgoog_0275.png"; bbox 0 0 2354 4148; ppageno 0'>
   <div class='ocr_carea' id='block_1_1' title="bbox 259 256 779 334">
    <p class='ocr_par' dir='ltr' id='par_1_1' title="bbox 259 256 779 334">
     <span class='ocr_line' id='line_1_1' title="bbox 259 256 779 334; baseline 0.008 -5"><span class='ocrx_word' id='word_1_1' title='bbox 259 256 332 329; x_wconf 79' lang='lat'>266</span> <span class='ocrx_word' id='word_1_2' title='bbox 620 283 779 334; x_wconf 67' lang='lat' dir='ltr'>consone</span> 
     </span>
    </p>
   </div>
   <div class='ocr_carea' id='block_1_2' title="bbox 172 396 1159 3522">
    <p class='ocr_par' dir='ltr' id='par_1_2' title="bbox 172 396 1159 3522">
     <span class='ocr_line' id='line_1_2' title="bbox 254 396 1135 472; baseline 0.009 -26"><span class='ocrx_word' id='word_1_3' title='bbox 254 396 403 464; x_wconf 74' lang='lat' dir='ltr'>frequenter</span> <span class='ocrx_word' id='word_1_4' title='bbox 420 396 616 464; x_wconf 77' lang='lat' dir='ltr'>congelascunt,</span> <span class='ocrx_word' id='word_1_5' title='bbox 635 416 745 467; x_wconf 87' lang='lat' dir='ltr'>quorum</span> <span class='ocrx_word' id='word_1_6' title='bbox 763 399 881 451; x_wconf 78' lang='lat' dir='ltr'>formatio</span> <span class='ocrx_word' id='word_1_7' title='bbox 901 403 927 451; x_wconf 90' lang='lat' dir='ltr'>in</span> <span class='ocrx_word' id='word_1_8' title='bbox 945 399 1060 453; x_wconf 75' lang='lat' dir='ltr'>balanino</span> <span class='ocrx_word' id='word_1_9' title='bbox 1084 419 1135 472; x_wconf 90' lang='lat' dir='ltr'>opo-</span> 
     </span>
     <span class='ocr_line' id='line_1_3' title="bbox 252 481 1135 558; baseline 0.009 -25"><span class='ocrx_word' id='word_1_10' title='bbox 252 483 359 549; x_wconf 76' lang='lat' dir='ltr'>detdoc,</span> <span class='ocrx_word' id='word_1_11' title='bbox 377 485 447 554; x_wconf 86' lang='lat' dir='ltr'>quod</span> <span class='ocrx_word' id='word_1_12' title='bbox 464 481 494 536; x_wconf 88' lang='lat' dir='ltr'>lit</span> <span class='ocrx_word' id='word_1_13' title='bbox 511 501 543 536; x_wconf 87' lang='lat' dir='ltr'>ex</span> <span class='ocrx_word' id='word_1_14' title='bbox 560 503 655 554; x_wconf 80' lang='lat' dir='ltr'>sapone</span> <span class='ocrx_word' id='word_1_15' title='bbox 672 503 731 538; x_wconf 89' lang='lat' dir='ltr'>cnm</span> <span class='ocrx_word' id='word_1_16' title='bbox 750 487 807 538; x_wconf 88' lang='lat' dir='ltr'>oleo</span> <span class='ocrx_word' id='word_1_17' title='bbox 825 489 985 556; x_wconf 85' lang='lat' dir='ltr'>composito,</span> <span class='ocrx_word' id='word_1_18' title='bbox 999 499 1076 558; x_wconf 81' lang='lat' dir='ltr'>atque</span> <span class='ocrx_word' id='word_1_19' title='bbox 1091 507 1135 541; x_wconf 85' lang='lat' dir='ltr'>rna·</span> 
     </span>
     <span class='ocr_line' id='line_1_4' title="bbox 252 572 1133 646; baseline 0.01 -26"><span class='ocrx_word' id='word_1_20' title='bbox 252 589 301 638; x_wconf 79' lang='lat' dir='ltr'>gna</span> <span class='ocrx_word' id='word_1_21' title='bbox 319 589 351 622; x_wconf 81' lang='lat' dir='ltr'>ex</span> <span class='ocrx_word' id='word_1_22' title='bbox 369 581 443 640; x_wconf 85' lang='lat' dir='ltr'>parte</span> <span class='ocrx_word' id='word_1_23' title='bbox 460 573 488 623; x_wconf 93' lang='lat' dir='ltr'>in</span> <span class='ocrx_word' id='word_1_24' title='bbox 505 572 554 624; x_wconf 86' lang='lat' dir='ltr'>hoc</span> <span class='ocrx_word' id='word_1_25' title='bbox 572 575 701 640; x_wconf 84' lang='lat' dir='ltr'>evitatur,</span> <span class='ocrx_word' id='word_1_26' title='bbox 720 575 789 644; x_wconf 88' lang='lat' dir='ltr'>quod</span> <span class='ocrx_word' id='word_1_27' title='bbox 807 575 859 626; x_wconf 90' lang='lat' dir='ltr'>cito</span> <span class='ocrx_word' id='word_1_28' title='bbox 877 575 966 642; x_wconf 80' lang='lat' dir='ltr'>frigori</span> <span class='ocrx_word' id='word_1_29' title='bbox 990 578 1133 646; x_wconf 79' lang='lat' dir='ltr'><strong>exponitur,</strong></span> 
     </span>
     <span class='ocr_line' id='line_1_5' title="bbox 252 659 1135 731; baseline 0.008 -23"><span class='ocrx_word' id='word_1_30' title='bbox 252 660 342 724; x_wconf 80' lang='lat' dir='ltr'>vitris,</span> <span class='ocrx_word' id='word_1_31' title='bbox 361 679 427 730; x_wconf 84' lang='lat' dir='ltr'>quae</span> <span class='ocrx_word' id='word_1_32' title='bbox 445 661 586 730; x_wconf 87' lang='lat' dir='ltr'>opodeldoc</span> <span class='ocrx_word' id='word_1_33' title='bbox 599 663 747 726; x_wconf 78' lang='lat' dir='ltr'>continent,</span> <span class='ocrx_word' id='word_1_34' title='bbox 767 679 848 731; x_wconf 81' lang='lat' dir='ltr'>aquae</span> <span class='ocrx_word' id='word_1_35' title='bbox 862 659 990 729; x_wconf 74' lang='lat' dir='ltr'>frigidae⁸</span> <span class='ocrx_word' id='word_1_36' title='bbox 983 665 1101 715; x_wconf 81' lang='lat' dir='ltr'>immersis</span> <span class='ocrx_word' id='word_1_37' title='bbox 1115 673 1135 714; x_wconf 80' lang='lat' dir='ltr'>et</span> 
     </span>
     <span class='ocr_line' id='line_1_6' title="bbox 249 746 1136 818; baseline 0.007 -22"><span class='ocrx_word' id='word_1_38' title='bbox 249 746 272 796; x_wconf 89' lang='lat' dir='ltr'>si</span> <span class='ocrx_word' id='word_1_39' title='bbox 285 748 388 816; x_wconf 88' lang='lat' dir='ltr'>spiritus</span> <span class='ocrx_word' id='word_1_40' title='bbox 401 747 491 800; x_wconf 87' lang='lat' dir='ltr'>vinici</span> <span class='ocrx_word' id='word_1_41' title='bbox 509 748 637 818; x_wconf 69' lang='lat' dir='ltr'>admistus</span> <span class='ocrx_word' id='word_1_42' title='bbox 654 749 768 818; x_wconf 82' lang='lat' dir='ltr'>pondere</span> <span class='ocrx_word' id='word_1_43' title='bbox 785 749 834 800; x_wconf 79' lang='lat' dir='ltr'>fuit</span> <span class='ocrx_word' id='word_1_44' title='bbox 851 768 888 817; x_wconf 80' lang='lat' dir='ltr'>gr.</span> <span class='ocrx_word' id='word_1_45' title='bbox 908 767 940 818; x_wconf 77' lang='lat' dir='ltr'>po</span> <span class='ocrx_word' id='word_1_46' title='bbox 955 751 1136 803; x_wconf 84' lang='lat' dir='ltr'>alcoholometri</span> 
     </span>
     <span class='ocr_line' id='line_1_7' title="bbox 172 832 1135 910; baseline 0.006 -27"><span class='ocrx_word' id='word_1_47' title='bbox 172 898 176 904; x_wconf 81' lang='lat'>.</span> <span class='ocrx_word' id='word_1_48' title='bbox 252 832 424 902; x_wconf 77' lang='lat' dir='ltr'>Richteriani‚</span> <span class='ocrx_word' id='word_1_49' title='bbox 437 842 514 905; x_wconf 87' lang='lat' dir='ltr'>atque</span> <span class='ocrx_word' id='word_1_50' title='bbox 522 835 592 905; x_wconf 88' lang='lat' dir='ltr'>quod</span> <span class='ocrx_word' id='word_1_51' title='bbox 605 854 732 910; x_wconf 81' lang='lat' dir='ltr'>summurn</span> <span class='ocrx_word' id='word_1_52' title='bbox 746 845 802 901; x_wconf 89' lang='lat' dir='ltr'>est,</span> <span class='ocrx_word' id='word_1_53' title='bbox 817 838 836 887; x_wconf 90' lang='lat' dir='ltr'>si</span> <span class='ocrx_word' id='word_1_54' title='bbox 851 854 940 906; x_wconf 78' lang='lat' dir='ltr'>seponi</span> <span class='ocrx_word' id='word_1_55' title='bbox 932 838 1055 890; x_wconf 87' lang='lat' dir='ltr'>nullum</span> <span class='ocrx_word' id='word_1_56' title='bbox 1063 856 1135 890; x_wconf 82' lang='lat' dir='ltr'>serum</span> 
     </span>
     <span class='ocr_line' id='line_1_8' title="bbox 250 921 1135 989; baseline 0.005 -17"><span class='ocrx_word' id='word_1_57' title='bbox 250 921 385 986; x_wconf 78' lang='lat' dir='ltr'>adhaeret,</span> <span class='ocrx_word' id='word_1_58' title='bbox 402 940 415 974; x_wconf 89' lang='lat' dir='ltr'>a</span> <span class='ocrx_word' id='word_1_59' title='bbox 429 933 503 975; x_wconf 84' lang='lat' dir='ltr'>natro</span> <span class='ocrx_word' id='word_1_60' title='bbox 517 941 569 975; x_wconf 89' lang='lat' dir='ltr'>non</span> <span class='ocrx_word' id='word_1_61' title='bbox 583 925 728 974; x_wconf 79' lang='lat' dir='ltr'>alteratum.</span> <span class='ocrx_word' id='word_1_62' title='bbox 743 925 871 976; x_wconf 86' lang='lat' dir='ltr'>Oriuntnr</span> <span class='ocrx_word' id='word_1_63' title='bbox 883 925 972 989; x_wconf 87' lang='lat' dir='ltr'>enim,</span> <span class='ocrx_word' id='word_1_64' title='bbox 987 935 1017 976; x_wconf 89' lang='lat' dir='ltr'>ut</span> <span class='ocrx_word' id='word_1_65' title='bbox 1033 927 1135 989; x_wconf 81' lang='lat' dir='ltr'>videtur,</span> 
     </span>
     <span class='ocr_line' id='line_1_9' title="bbox 249 1010 1134 1081; baseline 0.003 -20"><span class='ocrx_word' id='word_1_66' title='bbox 249 1010 276 1061; x_wconf 85' lang='lat' dir='ltr'>hi</span> <span class='ocrx_word' id='word_1_67' title='bbox 290 1012 401 1078; x_wconf 70' lang='lat' dir='ltr'>crystalli</span> <span class='ocrx_word' id='word_1_68' title='bbox 419 1029 552 1079; x_wconf 84' lang='lat' dir='ltr'>congressu</span> <span class='ocrx_word' id='word_1_69' title='bbox 567 1012 618 1064; x_wconf 85' lang='lat' dir='ltr'>sevi</span> <span class='ocrx_word' id='word_1_70' title='bbox 632 1011 754 1081; x_wconf 84' lang='lat' dir='ltr'>superflui</span> <span class='ocrx_word' id='word_1_71' title='bbox 768 1021 794 1063; x_wconf 86' lang='lat' dir='ltr'>et</span> <span class='ocrx_word' id='word_1_72' title='bbox 808 1013 939 1063; x_wconf 88' lang='lat' dir='ltr'>ammonii.</span> <span class='ocrx_word' id='word_1_73' title='bbox 958 1014 1047 1076; x_wconf 83' lang='lat' dir='ltr'>(Berl.</span> <span class='ocrx_word' id='word_1_74' title='bbox 1060 1013 1134 1065; x_wconf 81' lang='lat' dir='ltr'>Jahrb.</span> 
     </span>
     <span class='ocr_line' id='line_1_10' title="bbox 247 1093 1135 1156; baseline 0.007 -11"><span class='ocrx_word' id='word_1_75' title='bbox 247 1093 265 1146; x_wconf 84' lang='lat' dir='ltr'>f.</span> <span class='ocrx_word' id='word_1_76' title='bbox 284 1095 309 1146; x_wconf 91' lang='lat' dir='ltr'>d.</span> <span class='ocrx_word' id='word_1_77' title='bbox 328 1096 432 1149; x_wconf 89' lang='lat' dir='ltr'>Pharm.</span> <span class='ocrx_word' id='word_1_78' title='bbox 459 1099 529 1149; x_wconf 81' lang='lat'>1808.</span> <span class='ocrx_word' id='word_1_79' title='bbox 555 1095 754 1148; x_wconf 81' lang='lat' dir='ltr'>Trommsdorffs</span> <span class='ocrx_word' id='word_1_80' title='bbox 771 1098 796 1148; x_wconf 88' lang='lat' dir='ltr'>J.</span> <span class='ocrx_word' id='word_1_81' title='bbox 815 1098 832 1148; x_wconf 80' lang='lat' dir='ltr'>f.</span> <span class='ocrx_word' id='word_1_82' title='bbox 851 1097 875 1150; x_wconf 88' lang='lat' dir='ltr'>d.</span> <span class='ocrx_word' id='word_1_83' title='bbox 895 1097 1002 1152; x_wconf 80' lang='lat' dir='ltr'>Plrsrm.</span> <span class='ocrx_word' id='word_1_84' title='bbox 1024 1099 1083 1150; x_wconf 86' lang='lat' dir='ltr'>Xll.</span> <span class='ocrx_word' id='word_1_85' title='bbox 1098 1103 1135 1156; x_wconf 80' lang='grc' dir='ltr'>ι.)</span> 
     </span>
     <span class='ocr_line' id='line_1_11' title="bbox 252 1183 1137 1256; baseline -0.005 -16"><span class='ocrx_word' id='word_1_86' title='bbox 252 1189 420 1244; x_wconf 69' lang='lat' dir='ltr'>linimentum</span> <span class='ocrx_word' id='word_1_87' title='bbox 436 1183 761 1254; x_wconf 68' lang='lat' dir='ltr'>saponem-campitorem</span> <span class='ocrx_word' id='word_1_88' title='bbox 777 1183 894 1254; x_wconf 68' lang='lat' dir='ltr'>Ilolrffii‚</span> <span class='ocrx_word' id='word_1_89' title='bbox 916 1185 946 1237; x_wconf 80' lang='lat' dir='ltr'>tt.</span> <span class='ocrx_word' id='word_1_90' title='bbox 966 1185 1049 1239; x_wconf 81' lang='lat' dir='ltr'>solut.</span> <span class='ocrx_word' id='word_1_91' title='bbox 1066 1203 1137 1256; x_wconf 82' lang='lat' dir='ltr'>sapon.</span> 
     </span>
     <span class='ocr_line' id='line_1_12' title="bbox 247 1269 1138 1347; baseline -0.009 -17"><span class='ocrx_word' id='word_1_92' title='bbox 247 1275 399 1347; x_wconf 83' lang='lat' dir='ltr'>spirituosae</span> <span class='ocrx_word' id='word_1_93' title='bbox 418 1271 478 1321; x_wconf 84' lang='lat' dir='ltr'>fittr.</span> <span class='ocrx_word' id='word_1_94' title='bbox 498 1285 556 1320; x_wconf 86' lang='lat' dir='ltr'>unc.</span> <span class='ocrx_word' id='word_1_95' title='bbox 572 1269 617 1335; x_wconf 84' lang='lat' dir='ltr'>Vj.</span> <span class='ocrx_word' id='word_1_96' title='bbox 640 1269 760 1340; x_wconf 83' lang='lat' dir='ltr'>ln‘aqua</span> <span class='ocrx_word' id='word_1_97' title='bbox 784 1269 881 1322; x_wconf 76' lang='lat' dir='ltr'>fervida</span> <span class='ocrx_word' id='word_1_98' title='bbox 907 1271 1058 1340; x_wconf 73' lang='lat' dir='ltr'>liquefactis</span> <span class='ocrx_word' id='word_1_99' title='bbox 1082 1271 1138 1322; x_wconf 85' lang='lat' dir='ltr'>adm.</span> 
     </span>
     <span class='ocr_line' id='line_1_13' title="bbox 248 1356 1138 1430; baseline -0.002 -20"><span class='ocrx_word' id='word_1_100' title='bbox 248 1361 378 1430; x_wconf 78' lang='lat' dir='ltr'>camphor.</span> <span class='ocrx_word' id='word_1_101' title='bbox 397 1357 436 1409; x_wconf 88' lang='lat' dir='ltr'>dr.</span> <span class='ocrx_word' id='word_1_102' title='bbox 453 1360 460 1424; x_wconf 82' lang='lat' dir='ltr'><strong>j</strong></span> <span class='ocrx_word' id='word_1_103' title='bbox 478 1357 507 1406; x_wconf 87' lang='lat' dir='ltr'>in</span> <span class='ocrx_word' id='word_1_104' title='bbox 523 1357 588 1426; x_wconf 86' lang='lat' dir='ltr'>liqu.</span> <span class='ocrx_word' id='word_1_105' title='bbox 606 1373 716 1406; x_wconf 78' lang='lat' dir='ltr'>ammon.</span> <span class='ocrx_word' id='word_1_106' title='bbox 736 1357 816 1406; x_wconf 86' lang='lat' dir='ltr'>vinos.</span> <span class='ocrx_word' id='word_1_107' title='bbox 836 1356 874 1406; x_wconf 89' lang='lat' dir='ltr'>dr.</span> <span class='ocrx_word' id='word_1_108' title='bbox 893 1359 908 1424; x_wconf 83' lang='lat' dir='ltr'>jj</span> <span class='ocrx_word' id='word_1_109' title='bbox 928 1359 1013 1408; x_wconf 85' lang='lat' dir='ltr'>solut.</span> <span class='ocrx_word' id='word_1_110' title='bbox 1034 1359 1084 1410; x_wconf 86' lang='lat' dir='ltr'>olei</span> <span class='ocrx_word' id='word_1_111' title='bbox 1105 1376 1138 1408; x_wconf 92' lang='lat' dir='ltr'>ro-</span> 
     </span>
     <span class='ocr_line' id='line_1_14' title="bbox 245 1442 1139 1514; baseline -0.006 -13"><span class='ocrx_word' id='word_1_112' title='bbox 245 1447 376 1502; x_wconf 86' lang='lat' dir='ltr'>rismarini</span> <span class='ocrx_word' id='word_1_113' title='bbox 394 1445 432 1496; x_wconf 86' lang='lat' dir='ltr'>dr.</span> <span class='ocrx_word' id='word_1_114' title='bbox 452 1443 499 1514; x_wconf 72' lang='grc' dir='ltr'>ῇβ,</span> <span class='ocrx_word' id='word_1_115' title='bbox 517 1443 567 1494; x_wconf 87' lang='lat' dir='ltr'>olei</span> <span class='ocrx_word' id='word_1_116' title='bbox 585 1443 668 1509; x_wconf 84' lang='lat' dir='ltr'>thymi</span> <span class='ocrx_word' id='word_1_117' title='bbox 685 1442 727 1494; x_wconf 86' lang='lat' dir='ltr'>vol</span> <span class='ocrx_word' id='word_1_118' title='bbox 744 1443 842 1508; x_wconf 81' lang='lat' dir='ltr'>origani</span> <span class='ocrx_word' id='word_1_119' title='bbox 857 1444 946 1494; x_wconf 71' lang='lat' dir='ltr'>cretici</span> <span class='ocrx_word' id='word_1_120' title='bbox 960 1463 1001 1509; x_wconf 89' lang='lat' dir='ltr'>gr.</span> <span class='ocrx_word' id='word_1_121' title='bbox 1018 1445 1068 1512; x_wconf 85' lang='lat' dir='ltr'>ij.</span> <span class='ocrx_word' id='word_1_122' title='bbox 1080 1445 1139 1496; x_wconf 68' lang='lat' dir='ltr'>serv.</span> 
     </span>
     <span class='ocr_line' id='line_1_15' title="bbox 242 1527 1139 1598; baseline -0.004 -11"><span class='ocrx_word' id='word_1_123' title='bbox 242 1536 271 1587; x_wconf 90' lang='lat' dir='ltr'>in</span> <span class='ocrx_word' id='word_1_124' title='bbox 296 1533 368 1586; x_wconf 87' lang='lat' dir='ltr'>vitris</span> <span class='ocrx_word' id='word_1_125' title='bbox 390 1529 544 1598; x_wconf 78' lang='lat' dir='ltr'>cylindricis.</span> <span class='ocrx_word' id='word_1_126' title='bbox 571 1528 716 1580; x_wconf 75' lang='lat' dir='ltr'>Balsnmram</span> <span class='ocrx_word' id='word_1_127' title='bbox 738 1527 882 1592; x_wconf 78' lang='lat' dir='ltr'>anodynum</span> <span class='ocrx_word' id='word_1_128' title='bbox 909 1531 979 1598; x_wconf 75' lang='lat' dir='ltr'>vulg.</span> <span class='ocrx_word' id='word_1_129' title='bbox 1011 1533 1139 1583; x_wconf 67' lang='lat' dir='ltr'>sarm</span> 
     </span>
     <span class='ocr_line' id='line_1_16' title="bbox 237 1615 1137 1689; baseline -0.002 -21"><span class='ocrx_word' id='word_1_130' title='bbox 237 1623 291 1680; x_wconf 55' lang='lat' dir='ltr'>-Pia</span> <span class='ocrx_word' id='word_1_131' title='bbox 309 1620 359 1678; x_wconf 81' lang='lat' dir='ltr'>Ed.</span> <span class='ocrx_word' id='word_1_132' title='bbox 381 1619 514 1688; x_wconf 75' lang='lat'>(1758),</span> <span class='ocrx_word' id='word_1_133' title='bbox 539 1617 567 1668; x_wconf 86' lang='lat' dir='ltr'>ll.</span> <span class='ocrx_word' id='word_1_134' title='bbox 586 1633 674 1685; x_wconf 89' lang='lat' dir='ltr'>sapon.</span> <span class='ocrx_word' id='word_1_135' title='bbox 698 1615 763 1684; x_wconf 86' lang='lat' dir='ltr'>hisp.</span> <span class='ocrx_word' id='word_1_136' title='bbox 790 1616 841 1668; x_wconf 92' lang='lat' dir='ltr'>alb.</span> <span class='ocrx_word' id='word_1_137' title='bbox 865 1633 922 1666; x_wconf 79' lang='lat' dir='ltr'>unc.</span> <span class='ocrx_word' id='word_1_138' title='bbox 941 1619 978 1683; x_wconf 83' lang='lat' dir='ltr'>jj,</span> <span class='ocrx_word' id='word_1_139' title='bbox 1009 1621 1066 1689; x_wconf 87' lang='lat' dir='ltr'>opii</span> <span class='ocrx_word' id='word_1_140' title='bbox 1090 1635 1137 1688; x_wconf 85' lang='lat' dir='ltr'>pur.</span> 
     </span>
     <span class='ocr_line' id='line_1_17' title="bbox 244 1701 1138 1783; baseline -0.008 -20"><span class='ocrx_word' id='word_1_141' title='bbox 244 1729 306 1764; x_wconf 84' lang='lat' dir='ltr'>unc.</span> <span class='ocrx_word' id='word_1_142' title='bbox 325 1709 367 1783; x_wconf 75' lang='grc' dir='ltr'>β,</span> <span class='ocrx_word' id='word_1_143' title='bbox 385 1707 466 1776; x_wconf 81' lang='lat' dir='ltr'>spirit.</span> <span class='ocrx_word' id='word_1_144' title='bbox 484 1705 536 1758; x_wconf 81' lang='lat' dir='ltr'>vin.</span> <span class='ocrx_word' id='word_1_145' title='bbox 550 1703 684 1756; x_wconf 81' lang='lat' dir='ltr'>rectificati</span> <span class='ocrx_word' id='word_1_146' title='bbox 703 1721 762 1754; x_wconf 87' lang='lat' dir='ltr'>une.</span> <span class='ocrx_word' id='word_1_147' title='bbox 777 1703 832 1771; x_wconf 80' lang='lat' dir='ltr'>XVj</span> <span class='ocrx_word' id='word_1_148' title='bbox 846 1701 924 1769; x_wconf 78' lang='lat' dir='ltr'>diger.</span> <span class='ocrx_word' id='word_1_149' title='bbox 936 1705 965 1754; x_wconf 85' lang='lat' dir='ltr'>in</span> <span class='ocrx_word' id='word_1_150' title='bbox 980 1704 1081 1758; x_wconf 83' lang='lat' dir='ltr'>balneo</span> <span class='ocrx_word' id='word_1_151' title='bbox 1094 1723 1138 1756; x_wconf 80' lang='grc' dir='ltr'><strong>ιιι·</strong></span> 
     </span>
     <span class='ocr_line' id='line_1_18' title="bbox 244 1789 1140 1868; baseline -0.01 -17"><span class='ocrx_word' id='word_1_152' title='bbox 244 1816 293 1852; x_wconf 85' lang='lat' dir='ltr'>nae</span> <span class='ocrx_word' id='word_1_153' title='bbox 317 1814 364 1868; x_wconf 87' lang='lat' dir='ltr'>per</span> <span class='ocrx_word' id='word_1_154' title='bbox 390 1795 505 1846; x_wconf 84' lang='lat' dir='ltr'>triduum</span> <span class='ocrx_word' id='word_1_155' title='bbox 529 1801 556 1844; x_wconf 87' lang='lat' dir='ltr'>et</span> <span class='ocrx_word' id='word_1_156' title='bbox 585 1792 716 1843; x_wconf 83' lang='lat' dir='ltr'>eoletnree</span> <span class='ocrx_word' id='word_1_157' title='bbox 740 1789 808 1842; x_wconf 82' lang='lat' dir='ltr'>adm.</span> <span class='ocrx_word' id='word_1_158' title='bbox 833 1791 964 1860; x_wconf 85' lang='lat' dir='ltr'>camphor.</span> <span class='ocrx_word' id='word_1_159' title='bbox 986 1793 1031 1847; x_wconf 81' lang='lat' dir='ltr'>dr.</span> <span class='ocrx_word' id='word_1_160' title='bbox 1050 1795 1083 1862; x_wconf 81' lang='lat' dir='ltr'>Vj</span> <span class='ocrx_word' id='word_1_161' title='bbox 1101 1794 1140 1846; x_wconf 86' lang='lat' dir='ltr'>otri</span> 
     </span>
     <span class='ocr_line' id='line_1_19' title="bbox 242 1877 1159 1948; baseline -0.004 -11"><span class='ocrx_word' id='word_1_162' title='bbox 242 1887 310 1938; x_wconf 85' lang='lat' dir='ltr'>dest.</span> <span class='ocrx_word' id='word_1_163' title='bbox 328 1881 484 1935; x_wconf 84' lang='lat' dir='ltr'>rorismarini</span> <span class='ocrx_word' id='word_1_164' title='bbox 502 1879 541 1931; x_wconf 86' lang='lat' dir='ltr'>dr.</span> <span class='ocrx_word' id='word_1_165' title='bbox 559 1881 575 1946; x_wconf 87' lang='lat' dir='ltr'>j.</span> <span class='ocrx_word' id='word_1_166' title='bbox 594 1877 740 1930; x_wconf 85' lang='lat' dir='ltr'>Secundum</span> <span class='ocrx_word' id='word_1_167' title='bbox 754 1879 908 1930; x_wconf 79' lang='lat' dir='ltr'>recentiores</span> <span class='ocrx_word' id='word_1_168' title='bbox 921 1881 1057 1932; x_wconf 85' lang='lat' dir='ltr'>editiones</span> <span class='ocrx_word' id='word_1_169' title='bbox 1070 1886 1139 1948; x_wconf 81' lang='lat' dir='ltr'>major</span> <span class='ocrx_word' id='word_1_170' title='bbox 1158 1885 1159 1888; x_wconf 73' lang='grc'>’</span> 
     </span>
     <span class='ocr_line' id='line_1_20' title="bbox 244 1965 1142 2040; baseline 0.001 -19"><span class='ocrx_word' id='word_1_171' title='bbox 244 1971 297 2040; x_wconf 90' lang='lat' dir='ltr'>opii</span> <span class='ocrx_word' id='word_1_172' title='bbox 310 1979 337 2021; x_wconf 85' lang='lat' dir='ltr'>et</span> <span class='ocrx_word' id='word_1_173' title='bbox 354 1969 453 2036; x_wconf 76' lang='lat' dir='ltr'>campli.</span> <span class='ocrx_word' id='word_1_174' title='bbox 472 1968 603 2036; x_wconf 77' lang='lat' dir='ltr'>quantitas</span> <span class='ocrx_word' id='word_1_175' title='bbox 621 1965 729 2020; x_wconf 86' lang='lat' dir='ltr'>additur.</span> <span class='ocrx_word' id='word_1_176' title='bbox 750 1967 848 2019; x_wconf 80' lang='lat' dir='ltr'>Solutio</span> <span class='ocrx_word' id='word_1_177' title='bbox 872 1967 974 2036; x_wconf 78' lang='lat' dir='ltr'>saponis</span> <span class='ocrx_word' id='word_1_178' title='bbox 1000 1970 1142 2039; x_wconf 64' lang='lat' dir='ltr'>camphora·</span> 
     </span>
     <span class='ocr_line' id='line_1_21' title="bbox 246 2052 1141 2124; baseline -0.001 -17"><span class='ocrx_word' id='word_1_179' title='bbox 246 2069 289 2116; x_wconf 84' lang='lat' dir='ltr'>ta,</span> <span class='ocrx_word' id='word_1_180' title='bbox 311 2055 341 2106; x_wconf 84' lang='lat' dir='ltr'>R.</span> <span class='ocrx_word' id='word_1_181' title='bbox 358 2069 446 2122; x_wconf 75' lang='lat' dir='ltr'>sapon.</span> <span class='ocrx_word' id='word_1_182' title='bbox 464 2053 562 2121; x_wconf 87' lang='lat' dir='ltr'>hispan.</span> <span class='ocrx_word' id='word_1_183' title='bbox 581 2070 607 2121; x_wconf 90' lang='lat' dir='ltr'>q.</span> <span class='ocrx_word' id='word_1_184' title='bbox 625 2071 644 2104; x_wconf 90' lang='lat' dir='ltr'>s.</span> <span class='ocrx_word' id='word_1_185' title='bbox 663 2054 726 2104; x_wconf 74' lang='lat' dir='ltr'>sole.</span> <span class='ocrx_word' id='word_1_186' title='bbox 744 2053 772 2102; x_wconf 90' lang='lat' dir='ltr'>in</span> <span class='ocrx_word' id='word_1_187' title='bbox 790 2070 849 2121; x_wconf 84' lang='lat' dir='ltr'>aqu.</span> <span class='ocrx_word' id='word_1_188' title='bbox 864 2052 955 2104; x_wconf 85' lang='lat' dir='ltr'>ferrid.</span> <span class='ocrx_word' id='word_1_189' title='bbox 975 2071 1041 2106; x_wconf 89' lang='lat' dir='ltr'>unc.</span> <span class='ocrx_word' id='word_1_190' title='bbox 1060 2059 1070 2124; x_wconf 89' lang='lat' dir='ltr'><strong>j</strong></span> <span class='ocrx_word' id='word_1_191' title='bbox 1088 2056 1141 2106; x_wconf 76' lang='lat' dir='ltr'>adn</span> 
     </span>
     <span class='ocr_line' id='line_1_22' title="bbox 246 2141 1141 2212; baseline -0.002 -16"><span class='ocrx_word' id='word_1_192' title='bbox 246 2144 332 2197; x_wconf 86' lang='lat' dir='ltr'>Tinct.</span> <span class='ocrx_word' id='word_1_193' title='bbox 352 2142 482 2211; x_wconf 75' lang='lat' dir='ltr'>camphor.</span> <span class='ocrx_word' id='word_1_194' title='bbox 501 2158 561 2192; x_wconf 83' lang='lat' dir='ltr'>unc.</span> <span class='ocrx_word' id='word_1_195' title='bbox 573 2143 590 2208; x_wconf 90' lang='lat' dir='ltr'>j.</span> <span class='ocrx_word' id='word_1_196' title='bbox 611 2141 702 2194; x_wconf 80' lang='lat' dir='ltr'>Linteo</span> <span class='ocrx_word' id='word_1_197' title='bbox 720 2141 783 2192; x_wconf 85' lang='lat' dir='ltr'>illita</span> <span class='ocrx_word' id='word_1_198' title='bbox 801 2141 982 2192; x_wconf 77' lang='lat' dir='ltr'>indurationes</span> <span class='ocrx_word' id='word_1_199' title='bbox 998 2143 1080 2194; x_wconf 82' lang='lat' dir='ltr'>solvit</span> <span class='ocrx_word' id='word_1_200' title='bbox 1098 2149 1141 2212; x_wconf 73' lang='lat' dir='ltr'>pos</span> 
     </span>
     <span class='ocr_line' id='line_1_23' title="bbox 241 2225 1142 2296; baseline -0.002 -14"><span class='ocrx_word' id='word_1_201' title='bbox 241 2230 373 2282; x_wconf 66' lang='lat' dir='ltr'>abscessus</span> <span class='ocrx_word' id='word_1_202' title='bbox 391 2243 558 2280; x_wconf 82' lang='lat' dir='ltr'>mammarum</span> <span class='ocrx_word' id='word_1_203' title='bbox 573 2229 733 2296; x_wconf 79' lang='lat' dir='ltr'>superstites.</span> <span class='ocrx_word' id='word_1_204' title='bbox 752 2229 806 2278; x_wconf 76' lang='lat' dir='ltr'>Mel</span> <span class='ocrx_word' id='word_1_205' title='bbox 822 2225 924 2296; x_wconf 78' lang='lat' dir='ltr'>saponis</span> <span class='ocrx_word' id='word_1_206' title='bbox 942 2227 1087 2284; x_wconf 76' lang='lat' dir='ltr'>Pharnace.</span> <span class='ocrx_word' id='word_1_207' title='bbox 1104 2233 1142 2282; x_wconf 80' lang='grc' dir='ltr'>Βι-</span> 
     </span>
     <span class='ocr_line' id='line_1_24' title="bbox 250 2315 1145 2386; baseline -0.009 -14"><span class='ocrx_word' id='word_1_208' title='bbox 250 2331 355 2381; x_wconf 81' lang='lat' dir='ltr'>tennae,</span> <span class='ocrx_word' id='word_1_209' title='bbox 376 2317 405 2371; x_wconf 86' lang='lat' dir='ltr'>li.</span> <span class='ocrx_word' id='word_1_210' title='bbox 423 2333 510 2386; x_wconf 73' lang='lat' dir='ltr'>sapon.</span> <span class='ocrx_word' id='word_1_211' title='bbox 537 2331 666 2368; x_wconf 86' lang='lat' dir='ltr'>commun.</span> <span class='ocrx_word' id='word_1_212' title='bbox 693 2315 762 2366; x_wconf 84' lang='lat' dir='ltr'>mell.</span> <span class='ocrx_word' id='word_1_213' title='bbox 787 2331 836 2366; x_wconf 86' lang='lat' dir='ltr'>ana</span> <span class='ocrx_word' id='word_1_214' title='bbox 861 2333 918 2366; x_wconf 87' lang='lat' dir='ltr'>unc.</span> <span class='ocrx_word' id='word_1_215' title='bbox 939 2316 974 2382; x_wconf 84' lang='lat' dir='ltr'>jV</span> <span class='ocrx_word' id='word_1_216' title='bbox 995 2319 1044 2370; x_wconf 76' lang='lat' dir='ltr'>sal.</span> <span class='ocrx_word' id='word_1_217' title='bbox 1069 2327 1145 2369; x_wconf 80' lang='lat' dir='ltr'>tsrtar.</span> 
     </span>
     <span class='ocr_line' id='line_1_25' title="bbox 246 2402 1145 2480; baseline 0.001 -22"><span class='ocrx_word' id='word_1_218' title='bbox 246 2425 308 2458; x_wconf 85' lang='lat' dir='ltr'>nnc.</span> <span class='ocrx_word' id='word_1_219' title='bbox 327 2407 430 2480; x_wconf 79' lang='lat' dir='ltr'>sssqu.</span> <span class='ocrx_word' id='word_1_220' title='bbox 449 2405 540 2456; x_wconf 76' lang='lat' dir='ltr'>fumas.</span> <span class='ocrx_word' id='word_1_221' title='bbox 563 2403 626 2456; x_wconf 83' lang='lat' dir='ltr'>dn&#39;</span> <span class='ocrx_word' id='word_1_222' title='bbox 619 2407 645 2470; x_wconf 66' lang='lat' dir='ltr'>ij.</span> <span class='ocrx_word' id='word_1_223' title='bbox 665 2402 837 2456; x_wconf 83' lang='lat' dir='ltr'>Cosmeticum</span> <span class='ocrx_word' id='word_1_224' title='bbox 859 2411 914 2468; x_wconf 87' lang='lat' dir='ltr'>est,</span> <span class='ocrx_word' id='word_1_225' title='bbox 939 2407 1090 2458; x_wconf 77' lang='lat' dir='ltr'>inserviens</span> <span class='ocrx_word' id='word_1_226' title='bbox 1110 2423 1145 2474; x_wconf 76' lang='lat' dir='ltr'>ap·</span> 
     </span>
     <span class='ocr_line' id='line_1_26' title="bbox 244 2487 1141 2588; baseline -0.004 -44"><span class='ocrx_word' id='word_1_227' title='bbox 244 2493 328 2562; x_wconf 89' lang='lat' dir='ltr'>prime</span> <span class='ocrx_word' id='word_1_228' title='bbox 345 2491 463 2546; x_wconf 81' lang='lat' dir='ltr'>manibus</span> <span class='ocrx_word' id='word_1_229' title='bbox 480 2499 507 2542; x_wconf 86' lang='lat' dir='ltr'>et</span> <span class='ocrx_word' id='word_1_230' title='bbox 525 2489 596 2540; x_wconf 79' lang='lat' dir='ltr'>faciei</span> <span class='ocrx_word' id='word_1_231' title='bbox 614 2487 728 2541; x_wconf 83' lang='lat' dir='ltr'>lavandis</span> <span class='ocrx_word' id='word_1_232' title='bbox 745 2497 773 2542; x_wconf 81' lang='lat' dir='ltr'>et</span> <span class='ocrx_word' id='word_1_233' title='bbox 790 2487 947 2540; x_wconf 80' lang='lat' dir='ltr'>dealbandis.</span> <span class='ocrx_word' id='word_1_234' title='bbox 967 2490 1054 2544; x_wconf 87' lang='lat' dir='ltr'>Valet</span> <span class='ocrx_word' id='word_1_235' title='bbox 1071 2493 1141 2588; x_wconf 68' lang='lat' dir='ltr'>etiarn</span> 
     </span>
     <span class='ocr_line' id='line_1_27' title="bbox 245 2576 1146 2649; baseline -0.01 -15"><span class='ocrx_word' id='word_1_236' title='bbox 245 2581 273 2634; x_wconf 88' lang='lat' dir='ltr'>in</span> <span class='ocrx_word' id='word_1_237' title='bbox 291 2579 457 2632; x_wconf 86' lang='lat' dir='ltr'>dissolvendis</span> <span class='ocrx_word' id='word_1_238' title='bbox 479 2577 622 2630; x_wconf 83' lang='lat' dir='ltr'>tumoribus</span> <span class='ocrx_word' id='word_1_239' title='bbox 641 2576 826 2643; x_wconf 81' lang='lat' dir='ltr'>glandularunr.</span> <span class='ocrx_word' id='word_1_240' title='bbox 853 2577 1027 2630; x_wconf 69' lang='lat' dir='ltr'>linimentum</span> <span class='ocrx_word' id='word_1_241' title='bbox 1053 2579 1146 2649; x_wconf 71' lang='lat' dir='ltr'>saponis</span> 
     </span>
     <span class='ocr_line' id='line_1_28' title="bbox 238 2663 1147 2734; baseline -0.01 -12"><span class='ocrx_word' id='word_1_242' title='bbox 238 2668 292 2723; x_wconf 78' lang='lat' dir='ltr'>-Pls</span> <span class='ocrx_word' id='word_1_243' title='bbox 311 2666 391 2720; x_wconf 83' lang='lat' dir='ltr'>Lond</span> <span class='ocrx_word' id='word_1_244' title='bbox 411 2667 534 2734; x_wconf 81' lang='lat'>(1788),</span> <span class='ocrx_word' id='word_1_245' title='bbox 554 2665 583 2714; x_wconf 83' lang='lat' dir='ltr'>ll.</span> <span class='ocrx_word' id='word_1_246' title='bbox 601 2681 688 2732; x_wconf 86' lang='lat' dir='ltr'>sapon.</span> <span class='ocrx_word' id='word_1_247' title='bbox 708 2681 764 2716; x_wconf 82' lang='lat' dir='ltr'>unc</span> <span class='ocrx_word' id='word_1_248' title='bbox 784 2665 809 2732; x_wconf 75' lang='lat' dir='ltr'>jjj</span> <span class='ocrx_word' id='word_1_249' title='bbox 835 2663 966 2733; x_wconf 87' lang='lat' dir='ltr'>camphor.</span> <span class='ocrx_word' id='word_1_250' title='bbox 995 2684 1059 2716; x_wconf 90' lang='lat' dir='ltr'>unc.</span> <span class='ocrx_word' id='word_1_251' title='bbox 1078 2667 1147 2734; x_wconf 84' lang='lat' dir='ltr'>jspi·</span> 
     </span>
     <span class='ocr_line' id='line_1_29' title="bbox 247 2752 1143 2820; baseline -0.002 -16"><span class='ocrx_word' id='word_1_252' title='bbox 247 2755 290 2805; x_wconf 88' lang='lat' dir='ltr'>rit.</span> <span class='ocrx_word' id='word_1_253' title='bbox 309 2753 465 2804; x_wconf 86' lang='lat' dir='ltr'>rorismarin.</span> <span class='ocrx_word' id='word_1_254' title='bbox 492 2752 576 2803; x_wconf 89' lang='lat' dir='ltr'>libr.</span> <span class='ocrx_word' id='word_1_255' title='bbox 568 2771 586 2818; x_wconf 71' lang='grc' dir='ltr'>ι.</span> <span class='ocrx_word' id='word_1_256' title='bbox 614 2753 705 2820; x_wconf 85' lang='lat' dir='ltr'>Digere</span> <span class='ocrx_word' id='word_1_257' title='bbox 731 2769 851 2820; x_wconf 83' lang='lat' dir='ltr'>saponem</span> <span class='ocrx_word' id='word_1_258' title='bbox 873 2753 901 2802; x_wconf 88' lang='lat' dir='ltr'>in</span> <span class='ocrx_word' id='word_1_259' title='bbox 925 2753 1023 2820; x_wconf 87' lang='lat' dir='ltr'>spiritu</span> <span class='ocrx_word' id='word_1_260' title='bbox 1049 2755 1143 2806; x_wconf 79' lang='lat' dir='ltr'>rorisnt</span> 
     </span>
     <span class='ocr_line' id='line_1_30' title="bbox 246 2839 1144 2909; baseline 0.003 -19"><span class='ocrx_word' id='word_1_261' title='bbox 246 2840 328 2891; x_wconf 77' lang='lat' dir='ltr'>rlonec</span> <span class='ocrx_word' id='word_1_262' title='bbox 345 2841 459 2890; x_wconf 82' lang='lat' dir='ltr'>solvatur</span> <span class='ocrx_word' id='word_1_263' title='bbox 476 2847 502 2890; x_wconf 88' lang='lat' dir='ltr'>et</span> <span class='ocrx_word' id='word_1_264' title='bbox 520 2839 584 2890; x_wconf 89' lang='lat' dir='ltr'>adde</span> <span class='ocrx_word' id='word_1_265' title='bbox 609 2839 709 2909; x_wconf 80' lang='lat' dir='ltr'>esmph.</span> <span class='ocrx_word' id='word_1_266' title='bbox 733 2842 866 2892; x_wconf 79' lang='lat' dir='ltr'>Balsamrss</span> <span class='ocrx_word' id='word_1_267' title='bbox 887 2839 952 2890; x_wconf 80' lang='lat' dir='ltr'>vitae</span> <span class='ocrx_word' id='word_1_268' title='bbox 977 2855 1104 2893; x_wconf 77' lang='lat' dir='ltr'>externus</span> <span class='ocrx_word' id='word_1_269' title='bbox 1119 2842 1144 2892; x_wconf 80' lang='lat' dir='ltr'>ll·</span> 
     </span>
     <span class='ocr_line' id='line_1_31' title="bbox 246 2927 1146 2998; baseline -0.004 -18"><span class='ocrx_word' id='word_1_270' title='bbox 246 2927 346 2982; x_wconf 78' lang='lat' dir='ltr'>Brund.</span> <span class='ocrx_word' id='word_1_271' title='bbox 359 2931 462 2979; x_wconf 84' lang='lat' dir='ltr'>Boruss.</span> <span class='ocrx_word' id='word_1_272' title='bbox 481 2929 601 2998; x_wconf 81' lang='lat'>(1781),</span> <span class='ocrx_word' id='word_1_273' title='bbox 620 2927 650 2980; x_wconf 82' lang='lat' dir='ltr'>ll.</span> <span class='ocrx_word' id='word_1_274' title='bbox 669 2927 719 2978; x_wconf 89' lang='lat' dir='ltr'>olei</span> <span class='ocrx_word' id='word_1_275' title='bbox 733 2928 872 2982; x_wconf 80' lang='lat' dir='ltr'>terebinth.</span> <span class='ocrx_word' id='word_1_276' title='bbox 885 2945 977 2997; x_wconf 85' lang='lat' dir='ltr'>sapon.</span> <span class='ocrx_word' id='word_1_277' title='bbox 991 2939 1085 2980; x_wconf 81' lang='lat' dir='ltr'>venet.</span> <span class='ocrx_word' id='word_1_278' title='bbox 1098 2929 1146 2979; x_wconf 86' lang='lat' dir='ltr'>trit.</span> 
     </span>
     <span class='ocr_line' id='line_1_32' title="bbox 242 3001 1148 3082; baseline 0.002 -15"><span class='ocrx_word' id='word_1_279' title='bbox 242 3032 290 3067; x_wconf 86' lang='lat' dir='ltr'>ana</span> <span class='ocrx_word' id='word_1_280' title='bbox 307 3017 365 3068; x_wconf 92' lang='lat' dir='ltr'>libr.</span> <span class='ocrx_word' id='word_1_281' title='bbox 383 3019 390 3082; x_wconf 82' lang='lat' dir='ltr'><strong>j</strong></span> <span class='ocrx_word' id='word_1_282' title='bbox 408 3015 462 3068; x_wconf 83' lang='lat' dir='ltr'>lali</span> <span class='ocrx_word' id='word_1_283' title='bbox 486 3015 615 3066; x_wconf 80' lang='lat' dir='ltr'>carbonis.</span> <span class='ocrx_word' id='word_1_284' title='bbox 643 3031 704 3066; x_wconf 89' lang='lat' dir='ltr'>unc.</span> <span class='ocrx_word' id='word_1_285' title='bbox 721 3017 748 3082; x_wconf 75' lang='lat' dir='ltr'>ji.</span> <span class='ocrx_word' id='word_1_286' title='bbox 775 3001 909 3068; x_wconf 72' lang='lat' dir='ltr'>Balmmw</span> <span class='ocrx_word' id='word_1_287' title='bbox 934 3015 1004 3068; x_wconf 78' lang='lat' dir='ltr'>vitae</span> <span class='ocrx_word' id='word_1_288' title='bbox 1029 3029 1148 3068; x_wconf 63' lang='lat' dir='ltr'>aarum</span> 
     </span>
     <span class='ocr_line' id='line_1_33' title="bbox 243 3098 1146 3172; baseline -0.004 -16"><span class='ocrx_word' id='word_1_289' title='bbox 243 3098 379 3166; x_wconf 66' lang='grc' dir='ltr'>ΤΙιεᾱέηἰί,</span> <span class='ocrx_word' id='word_1_290' title='bbox 401 3103 430 3154; x_wconf 86' lang='lat' dir='ltr'>R.</span> <span class='ocrx_word' id='word_1_291' title='bbox 446 3121 533 3172; x_wconf 85' lang='lat' dir='ltr'>sapon.</span> <span class='ocrx_word' id='word_1_292' title='bbox 551 3109 637 3154; x_wconf 86' lang='lat' dir='ltr'>venet.</span> <span class='ocrx_word' id='word_1_293' title='bbox 655 3103 737 3169; x_wconf 85' lang='lat' dir='ltr'>libr.j</span> <span class='ocrx_word' id='word_1_294' title='bbox 757 3103 806 3154; x_wconf 87' lang='lat' dir='ltr'>olei</span> <span class='ocrx_word' id='word_1_295' title='bbox 820 3103 962 3156; x_wconf 80' lang='lat' dir='ltr'>terebinth.</span> <span class='ocrx_word' id='word_1_296' title='bbox 980 3121 1042 3156; x_wconf 83' lang='lat' dir='ltr'>unc.</span> <span class='ocrx_word' id='word_1_297' title='bbox 1062 3105 1086 3154; x_wconf 76' lang='lat' dir='ltr'>X</span> <span class='ocrx_word' id='word_1_298' title='bbox 1098 3102 1146 3152; x_wconf 82' lang='lat' dir='ltr'>kal·</span> 
     </span>
     <span class='ocr_line' id='line_1_34' title="bbox 233 3187 1149 3258; baseline 0.001 -19"><span class='ocrx_word' id='word_1_299' title='bbox 233 3189 372 3242; x_wconf 79' lang='lat' dir='ltr'>carbonic.</span> <span class='ocrx_word' id='word_1_300' title='bbox 391 3207 449 3241; x_wconf 87' lang='lat' dir='ltr'>unc.</span> <span class='ocrx_word' id='word_1_301' title='bbox 467 3187 504 3258; x_wconf 70' lang='grc' dir='ltr'>Ῐβ.</span> <span class='ocrx_word' id='word_1_302' title='bbox 523 3189 627 3243; x_wconf 84' lang='lat' dir='ltr'>Solvere</span> <span class='ocrx_word' id='word_1_303' title='bbox 644 3189 779 3241; x_wconf 84' lang='lat' dir='ltr'>consuevit</span> <span class='ocrx_word' id='word_1_304' title='bbox 795 3187 943 3242; x_wconf 60' lang='lat' dir='ltr'>eaedem</span> <span class='ocrx_word' id='word_1_305' title='bbox 969 3207 1034 3244; x_wconf 77' lang='lat' dir='ltr'>une.</span> <span class='ocrx_word' id='word_1_306' title='bbox 1061 3187 1149 3240; x_wconf 82' lang='lat' dir='ltr'>dimid-</span> 
     </span>
     <span class='ocr_line' id='line_1_35' title="bbox 244 3275 1149 3346; baseline 0.001 -21"><span class='ocrx_word' id='word_1_307' title='bbox 244 3275 350 3326; x_wconf 85' lang='lat' dir='ltr'>balsami</span> <span class='ocrx_word' id='word_1_308' title='bbox 367 3275 442 3343; x_wconf 86' lang='lat' dir='ltr'>hujus</span> <span class='ocrx_word' id='word_1_309' title='bbox 461 3277 488 3327; x_wconf 89' lang='lat' dir='ltr'>in</span> <span class='ocrx_word' id='word_1_310' title='bbox 506 3293 587 3346; x_wconf 89' lang='lat' dir='ltr'>aquae</span> <span class='ocrx_word' id='word_1_311' title='bbox 605 3291 734 3328; x_wconf 86' lang='lat' dir='ltr'>commun.</span> <span class='ocrx_word' id='word_1_312' title='bbox 752 3275 854 3342; x_wconf 58' lang='lat' dir='ltr'>libr.,j,</span> <span class='ocrx_word' id='word_1_313' title='bbox 873 3285 953 3345; x_wconf 88' lang='lat' dir='ltr'>atque</span> <span class='ocrx_word' id='word_1_314' title='bbox 969 3294 1032 3330; x_wconf 83' lang='lat' dir='ltr'>usus</span> <span class='ocrx_word' id='word_1_315' title='bbox 1047 3284 1090 3327; x_wconf 82' lang='lat' dir='ltr'>est</span> <span class='ocrx_word' id='word_1_316' title='bbox 1104 3275 1149 3326; x_wconf 73' lang='lat' dir='ltr'>hac</span> 
     </span>
     <span class='ocr_line' id='line_1_36' title="bbox 244 3360 1146 3438; baseline 0 -26"><span class='ocrx_word' id='word_1_317' title='bbox 244 3363 372 3414; x_wconf 85' lang='lat' dir='ltr'>solutione</span> <span class='ocrx_word' id='word_1_318' title='bbox 389 3363 416 3414; x_wconf 92' lang='lat' dir='ltr'>in</span> <span class='ocrx_word' id='word_1_319' title='bbox 434 3363 578 3438; x_wconf 79' lang='lat' dir='ltr'>tumoribps</span> <span class='ocrx_word' id='word_1_320' title='bbox 596 3371 698 3414; x_wconf 86' lang='lat' dir='ltr'>artuum</span> <span class='ocrx_word' id='word_1_321' title='bbox 712 3369 739 3416; x_wconf 86' lang='lat' dir='ltr'>et</span> <span class='ocrx_word' id='word_1_322' title='bbox 758 3361 938 3430; x_wconf 81' lang='lat' dir='ltr'>glandularnns</span> <span class='ocrx_word' id='word_1_323' title='bbox 961 3360 1146 3416; x_wconf 63' lang='lat' dir='ltr'>dissolvendis</span> 
     </span>
     <span class='ocr_line' id='line_1_37' title="bbox 245 3448 1147 3522; baseline -0.004 -16"><span class='ocrx_word' id='word_1_324' title='bbox 245 3451 329 3506; x_wconf 72' lang='lat' dir='ltr'>Pulsis</span> <span class='ocrx_word' id='word_1_325' title='bbox 346 3463 481 3520; x_wconf 78' lang='lat' dir='ltr'>saporsauss</span> <span class='ocrx_word' id='word_1_326' title='bbox 498 3449 655 3518; x_wconf 79' lang='lat' dir='ltr'>cosmeticus,</span> <span class='ocrx_word' id='word_1_327' title='bbox 678 3451 707 3502; x_wconf 82' lang='lat' dir='ltr'>lt.</span> <span class='ocrx_word' id='word_1_328' title='bbox 726 3451 826 3520; x_wconf 80' lang='lat' dir='ltr'>saponis</span> <span class='ocrx_word' id='word_1_329' title='bbox 844 3450 971 3520; x_wconf 73' lang='lat' dir='ltr'>hispanici</span> <span class='ocrx_word' id='word_1_330' title='bbox 989 3452 1035 3506; x_wconf 83' lang='lat' dir='ltr'>rel</span> <span class='ocrx_word' id='word_1_331' title='bbox 1055 3448 1147 3522; x_wconf 40' lang='lat' dir='ltr'>,messi-</span> 
     </span>
    </p>
   </div>
   <div class='ocr_carea' id='block_1_3' title="bbox 0 0 1193 4148">
    <p class='ocr_par' dir='ltr' id='par_1_3' title="bbox 0 0 1193 4148">
     <span class='ocr_line' id='line_1_38' title="bbox 0 0 1193 4148; baseline 0 0"><span class='ocrx_word' id='word_1_332' title='bbox 0 0 1193 4148; x_wconf 95' lang='lat' dir='ltr'> </span> 
     </span>
    </p>
   </div>
  </div>
 </body>
</html>
