2354 4148
243 243 324 318 326
420 261 578 314 consors
593 264 648 312 nx
674 261 792 314 naono
817 261 969 312 aarum

232 367 380 432 carbonatis
397 374 556 442 magnesiae,
574 393 636 444 o‚r9
653 376 770 428 muriatis
787 375 878 441 sodae,
896 377 957 439 o,o3
970 374 1052 438 ferri,
1072 379 1136 441 ο,ο5

232 464 353 537 principii
370 463 523 527 sarracini,
550 470 578 514 ct
594 465 655 528 o‚o8
681 462 830 532 plrosphatis
855 462 990 512 calcariae.
1015 461 1090 530 Quae
1109 464 1135 513 si

229 561 283 606 tam
301 551 401 604 modice
418 550 595 615 comburitur,
622 559 652 602 ut
669 567 701 604 cx
719 551 790 602 fibris
815 551 958 619 composita
975 549 1060 599 adhuc
1078 566 1137 600 esse

229 649 355 712 putetur,
373 647 412 692 sat
429 657 546 706 magnam
565 639 664 708 copiam
682 638 827 689 carbonatis
851 636 973 688 ammonii
992 644 1021 686 et
1039 637 1139 688 borus-

230 728 300 780 siatis
316 727 380 783 'farri
398 725 602 796 comprehendit.
632 725 693 780 Visa
718 724 864 788 dimetiens,
890 741 950 776 vasa
966 722 1143 776 absorbentia

226 815 348 868 incitans.
370 814 442 866 Usus.
461 812 594 867 Laudatur
611 812 716 885 spongia
741 820 798 862 usta
820 811 848 864 in
871 819 973 862 tumore
995 811 1142 876 glandulae

228 901 397 970 tbyroideae‚
423 893 501 970 quem
527 909 649 952 strumam
669 899 775 964 dicunt,
802 897 980 961 discutiendo,
1005 906 1034 948 et
1053 899 1144 950 inlar-

229 990 314 1042 ctibus
331 987 502 1059 scrophulosis
519 984 655 1039 solvendis.
669 985 744 1038 Doris
758 986 830 1054 pulv.
843 1004 881 1052 gr.
896 985 1023 1036 Χ-ΧΧΧ.
1044 985 1120 1037 Sunt
1136 1025 1145 1051 ,

229 1077 275 1146 qui
300 1083 394 1145 putent
419 1075 546 1127 actionem
572 1075 686 1143 pulveris
711 1090 881 1143 promovere,
907 1091 967 1123 curn
994 1071 1051 1123 lere
1079 1075 1144 1126 sine

227 1180 295 1232 aqua
312 1171 339 1212 et
356 1145 605 1229 siccus'deglutitur.
633 1161 789 1228 Plerumque
816 1161 920 1230 pulveri
945 1159 995 1210 alia
1014 1161 1144 1213 remedia

227 1267 277 1304 nec
293 1249 434 1302 inefficacia
452 1248 601 1315 adduntur,
628 1264 695 1318 quae
720 1247 844 1298 effectum
861 1248 980 1316 spongiae
997 1247 1145 1300 incertum

227 1337 348 1390 reddunt.
367 1338 487 1406 Simplior
510 1339 596 1408 pulvis
612 1327 745 1390 strumuiis
771 1337 936 1405 componitur
961 1352 994 1386 ex
1010 1338 1147 1406 partibus

225 1425 378 1494 ¹aequalibus
396 1443 484 1494 spong.
502 1434 552 1478 ust.
571 1433 598 1476 et
614 1425 691 1494 lapid.
711 1443 799 1494 spoug.
818 1426 937 1477 calcinut.
951 1426 1029 1476 Dosis
1046 1427 1090 1478 dr.
1108 1430 1146 1498 β-

228 1531 276 1566 scr.
295 1515 311 1581 jj
333 1515 475 1584 (Voglerp.
501 1513 609 1582 Lapides
633 1514 795 1582 spongiarum
822 1515 864 1564 vel
882 1531 914 1564 ex
931 1513 981 1564 hoc
998 1515 1146 1584 zoopbyto

227 1601 385 1668 colliguntur
402 1601 443 1652 vel
461 1618 493 1652 ex
510 1601 638 1670 cellepora
655 1601 772 1672 spongite
791 1604 882 1666 (But.
896 1603 964 1653 Mus.
980 1603 1014 1653 28
1024 1608 1047 1664 ).
1070 1605 1150 1657 Tm·

229 1687 311 1742 cbisoi
326 1707 358 1742 ese
373 1689 479 1759 spongia
496 1699 554 1740 usta
567 1688 677 1753 Wyliei‚
698 1690 729 1744 li.
743 1707 832 1760 spoug.
850 1696 900 1740 ust.
920 1691 999 1756 unci
1015 1691 1098 1758 pulv.
1122 1712 1146 1760 g.

227 1777 329 1830 mimos.
346 1777 420 1829 nilot.
445 1776 484 1829 dr.
502 1779 510 1843 j
529 1784 585 1828 cort
609 1777 676 1828 lauri
703 1777 814 1828 cinnam.
839 1793 881 1844 gr.
908 1776 956 1830 XV
982 1793 1040 1844 syr.
1070 1789 1146 1832 cort.

227 1864 313 1916 citrin.
332 1871 432 1916 aurant.
460 1881 485 1934 q.
504 1862 522 1914 l.
540 1862 604 1918 ull.
631 1880 713 1914 massa
740 1863 850 1931 longiori
875 1873 902 1914 et
923 1863 993 1913 lenta
1024 1865 1148 1919 tritura·

227 1950 304 2028 lione¹
318 1949 405 2002 addito
422 1951 516 2002 sensim
540 1951 687 2020 sensimque
710 1969 807 2022 syrupo
833 1949 990 2018 subigendo,
1021 1969 1062 2003 ex
1091 1973 1148 2026 qua
1172 1959 1173 1980 ¹

227 2033 371 2086 formantur
388 2033 507 2085 trochisci
527 2034 576 2101 24,
597 2053 674 2106 super
690 2038 805 2106 patinam
825 2037 882 2088 oleo
895 2036 986 2086 illitam
1004 2036 1145 2094 siccandi.

227 2119 353 2192 Quotidie
371 2138 471 2174 summo
489 2140 564 2174 manc
583 2117 649 2174 unus
662 2141 708 2182 ore
722 2124 910 2189 continendus,
928 2122 1015 2174 donec
1032 2127 1147 2180 solutus
1171 2149 1172 2231 p

227 2205 326 2272 luerit,
346 2207 406 2258 dein
423 2206 547 2272 gradatim
567 2209 735 2261 devorandus.
755 2210 870 2262 illinitur
894 2209 971 2258 simul
989 2209 1051 2263 fell.
1072 2223 1146 2266 taur.

228 2307 280 2342 rco.
299 2309 357 2342 unc.
374 2294 382 2357 j
403 2290 507 2342 marial.
525 2289 579 2340 sod.
596 2309 654 2341 unc.
668 2291 690 2364 β
708 2309 767 2362 aqu.
781 2293 861 2361 tepid.
876 2295 954 2358 une-j
970 2293 1026 2345 olei
1041 2297 1145 2352 olivae.

228 2395 290 2432 unc.
303 2379 338 2454 β.
358 2377 504 2446 Inponitur
522 2375 582 2460 deis
599 2377 675 2448 empl.
689 2377 758 2445 oxyd
770 2379 870 2452 plumb.
888 2379 1013 2432 semivitr.
1037 2401 1104 2436 unc.
1116 2389 1147 2460 β
1170 2395 1171 2404 ’

226 2479 287 2517 oum
313 2463 415 2515 muriat.
441 2461 592 2530 hydrargyr.
625 2462 732 2530 oxydul.
758 2463 797 2516 dr.
818 2467 827 2532 j
856 2466 948 2516 tamari
973 2465 1088 2523 stibinti
1118 2483 1146 2525 et

227 2559 323 2623 potass.
339 2570 379 2620 gr.
393 2551 424 2605 X.
439 2550 641 2604 Praemittantur
657 2553 776 2621 pulveres
794 2569 826 2603 ex
843 2569 955 2604 mercar.
974 2553 1051 2608 dulc.
1073 2579 1119 2626 gr,
1139 2567 1145 2628 j
1169 2527 1170 2581 i

224 2640 331 2692 mutiat.
350 2638 410 2690 lerri
428 2638 574 2690 ammoniat
595 2637 651 2689 rhei
668 2656 716 2689 ana
734 2655 771 2705 gr.
789 2639 825 2705 jV
848 2657 935 2708 spong.
965 2649 1017 2692 ust.
1048 2664 1094 2712 gr,
1124 2650 1144 2699 x

125 2740 129 2748 ‘
225 2733 292 2776 cort.
310 2725 375 2774 laur.
392 2741 453 2774 cass.
472 2742 508 2789 gr.
526 2727 543 2791 ji
563 2743 586 2776 c.
604 2743 689 2795 syrup.
709 2727 821 2796 quodum
834 2726 950 2777 sumendi
964 2727 1004 2778 bis
1021 2731 1054 2782 in
1068 2733 1145 2788 heb·

232 2809 352 2860 domade.
378 2811 514 2862 Decoctum
531 2813 650 2880 spongiae
673 2825 758 2877 maus,
786 2815 817 2867 lt.
843 2831 929 2884 spong.
957 2825 1008 2867 ust.
1037 2838 1107 2873 une.
1131 2828 1148 2876 Β

230 2893 339 2966 decoqu.
358 2913 416 2946 cum
435 2914 516 2969 aquae
533 2897 635 2964 libravi,
661 2899 744 2952 donec
769 2911 907 2970 supersunt
923 2920 984 2953 unc.
1004 2904 1054 2972 Vj.
1085 2911 1147 2962 Βο-
1167 2923 1168 2931 ’

154 3061 157 3066 ἱ
226 2982 271 3034 sis:
289 2982 425 3051 aliquoties
443 2981 475 3034 de
492 2981 533 3034 dic
551 3001 610 3036 unc.
627 2987 645 3051 j.
663 3011 698 3027 -
714 2986 841 3054 Spongia,
873 3005 923 3058 qua
948 2990 1033 3058 vulgo
1053 3011 1146 3061 quae.

220 3068 293 3120 libet
310 3067 485 3120 immundities
502 3069 612 3138 abstergi
629 3071 711 3136 solet,
729 3072 858 3124 ulceribus
876 3075 1001 3143 impuris,
1022 3087 1052 3130 el
1065 3098 1146 3149 pure

229 3155 421 3243 abundantibus
444 3155 562 3227 imposita
586 3159 672 3210 sordes
696 3175 785 3213 eorum
812 3163 932 3229 attrahit,
961 3173 1046 3235 atque
1072 3188 1148 3240 pro-

228 3244 409 3310 geminationi
426 3243 495 3301 lavet
511 3245 664 3315 papillarum
682 3261 839 3302 caruearum.
