2380 4154
335 291 380 338 nx
405 286 524 340 nram
549 288 681 336 sossius
888 265 937 365 67
1013 255 1019 270 “

58 405 239 462 constitutionis
255 405 370 474 corporis
386 413 464 476 atque
481 402 661 456 irritabilitatis
677 401 825 456 diversitate
841 411 868 458 et
890 419 941 458 na·

57 504 109 546 turs
125 493 276 564 praeparati.
301 493 396 557 Dotis,
410 491 471 542 alias
487 491 677 555 minutissima,
695 491 884 558 retardasset,
909 500 941 546 ut

55 583 114 634 mibi
129 583 211 635 visum
228 589 284 645 est,
303 578 454 648 praeprimis
466 578 493 630 in
506 578 586 645 scyris
599 577 666 630 febri
674 577 850 633 laborantibus
861 588 941 648 ptya-

55 671 149 724 lismum
165 668 293 738 prolicere
310 674 405 735 potest.
423 665 524 718 Excitat
540 671 675 732 argentum
693 666 797 728 vivunt,
825 673 865 716 sat
888 666 940 718 lars·

55 760 113 826 giler
129 758 273 823 ingestum,
299 751 503 826 motusfebriles
522 751 639 814 (febrem
657 753 870 826 mercurialem),
897 760 939 806 tur

55 846 149 898 metacit
171 843 306 912 glandulas
326 840 457 906 salivales,
480 841 601 911 producit
618 839 751 892 efflurium
769 839 886 906 salivae,
910 849 939 894 et

57 933 133 986 reddit
147 932 222 984 amul
241 925 353 998 gingiuae
370 929 499 996 turgidas,
526 939 604 1000 atque
627 929 737 982 halitum
756 928 881 982 foetidum
898 946 939 982 sa·

57 1015 186 1091 ponentque
203 1035 341 1088 cupreum.
358 1017 504 1086 Erumpunt
527 1019 555 1070 in
581 1036 635 1072 ure.
643 1020 782 1078 ulcuscula.
808 1018 939 1082 Vacillant

55 1107 153 1171 dentes,
170 1113 197 1157 et
209 1106 314 1168 ulcera,
332 1121 398 1172 quac
412 1103 524 1170 linguam
536 1089 718 1174 internamque
730 1105 872 1156 buccarum
884 1106 938 1174 pla·

50 1194 135 1246 nitiem
147 1199 301 1262 perrepunt,
313 1189 451 1259 pessimum
465 1207 539 1260 saepe
553 1190 665 1244 induunt
677 1209 784 1243 morem.
800 1191 937 1259 Dyscrasia

48 1282 137 1333 biliosa
151 1297 205 1330 non
222 1295 281 1330 raro
299 1277 476 1342 manifestatur
494 1280 670 1342 (Tanain).
697 1281 796 1346 Agmen
820 1289 937 1348 sympto-

48 1377 143 1421 matum
160 1365 302 1430 clauduut,
318 1363 477 1432 hydrargyro
495 1366 682 1419 inconsiderate
701 1369 816 1435 ingesto,
837 1377 937 1420 tremor

46 1463 164 1518 anuum,
182 1451 308 1521 paralysis
322 1458 400 1518 atque
417 1451 471 1518 ipsa
488 1469 574 1518 mors,
602 1461 631 1504 ut
647 1454 675 1504 in
692 1452 801 1518 fodinis,
828 1471 860 1504 ex
878 1453 936 1522 qui·

46 1542 92 1594 bus
109 1539 242 1592 metallum
261 1538 444 1606 explantetur,
467 1540 563 1607 pluries
587 1540 636 1592 tuis
653 1541 826 1594 observatum.
848 1542 936 1592 Urusa

47 1629 223 1680 Interamnia
240 1626 409 1676 medicamina
431 1625 483 1676 fere
508 1627 621 1694 primum
639 1637 749 1696 occupat
765 1630 850 1678 locum
869 1645 937 1680 mer-

47 1716 131 1766 curius
155 1715 184 1765 in
208 1711 364 1764 resolvendis
388 1709 614 1763 obstructionibus.
640 1713 709 1780 Ipsae
735 1721 878 1776 exostoses,
903 1730 939 1764 ne

45 1805 125 1856 dicam
146 1801 316 1871 oppilationes
333 1799 558 1865 inflammatorias,
575 1808 696 1868 potenter
712 1801 826 1852 resolvit.
845 1800 938 1866 Singu-

45 1894 92 1944 lari
109 1891 212 1942 ratione
235 1889 374 1954 exstinguit
398 1895 531 1956 praeterea
555 1887 625 1940 virus
642 1887 824 1957 syphiliticum.
852 1887 938 1956 Usque

45 1978 75 2030 ad
92 1978 164 2028 hunc
182 1975 251 2026 diem
268 1974 361 2024 acriter
378 1973 547 2040 disceptatum
572 1982 610 2024 est
635 1973 665 2026 de
692 1973 785 2040 morlo,
811 1973 938 2045 quoxlroc

43 2065 178 2117 metallum
196 2063 247 2128 agit
264 2063 291 2111 in
315 2079 411 2129 corpus
431 2059 589 2126 humanum,
615 2069 644 2113 et
665 2062 796 2132 speciatim
822 2061 854 2112 de
876 2060 937 2128 sslo,
1031 2115 1045 2132 l

42 2171 96 2224 quo
111 2152 184 2204 delet
202 2150 306 2200 miasma
323 2165 473 2200 venereum.
485 2149 651 2200 Peculiariter
668 2159 752 2218 partes
766 2151 836 2203 viras
850 2158 876 2211 et
888 2168 936 2218 pon

41 2245 170 2314 tissimum
190 2247 300 2305 systema
318 2255 436 2289 vasorum
454 2237 645 2290 absorbentium
672 2256 724 2290 una
745 2255 803 2290 eum
829 2237 938 2305 glandu·

44 2331 95 2381 loso
110 2327 241 2391 incitare,
256 2333 333 2394 atqua
344 2323 395 2376 hoc
407 2323 573 2376 incitamento
590 2327 744 2377 secre'tiones
758 2335 835 2395 atque
849 2343 939 2378 exere·

43 2418 123 2468 tiones
143 2421 309 2484 permutare,
335 2429 351 2462 a
375 2428 442 2464 vero
461 2429 514 2462 non
536 2411 667 2464 abhorret.
693 2413 752 2463 Nou
770 2413 937 2466 evacuatione

16 2517 24 2524 ’
41 2504 164 2556 materiae
182 2500 329 2570 peccantis,
347 2507 392 2550 aut
410 2487 627 2570 decompositione
645 2501 713 2551 illius
730 2501 757 2550 in
774 2501 865 2551 morbo
882 2504 939 2568 gal·

41 2593 89 2642 lieo
108 2589 252 2641 utilitatem
270 2586 360 2636 afferre
378 2604 465 2637 omnes
483 2585 601 2637 hodierni
621 2586 673 2638 fere
691 2585 857 2637 arbitrantur.
881 2587 937 2638 Nec

42 2676 171 2744 oxygenio
197 2691 229 2725 ex
254 2673 357 2724 metallo
383 2681 492 2725 attracto
510 2683 539 2725 et
554 2675 581 2724 iu
598 2691 706 2744 corpore
724 2674 866 2739 extricato,
893 2673 936 2724 cul

38 2766 184 2833 plurimum
202 2761 296 2812 tribuit
313 2761 340 2810 in
358 2759 508 2820 debellanda
528 2761 571 2811 lue
591 2763 747 2826 Fourmoy,
773 2760 946 2830 sicquidem

41 2852 110 2902 omni
128 2847 295 2902 observantia
313 2846 455 2912 colendus,
478 2847 637 2898 solummodo
662 2847 847 2900 confidendum
867 2865 943 2915 esse,

40 2944 240 3006 serto-apparet
257 2951 290 2986 ex
307 2952 353 2984 usu
371 2933 519 2998 acidorum,
545 2934 694 3003 ceteroquin
720 2934 761 2985 hic
786 2947 839 2986 no'u
860 2935 939 3003 plane

39 3023 215 3092 negligendo,
232 3021 330 3090 saepius
348 3021 439 3085 inani,
458 3029 536 3089 atque
555 3037 585 3072 ex
604 3022 748 3092 quantitate
761 3022 869 3073 remedii
889 3023 939 3072 mi·

39 3129 87 3164 nus
100 3130 204 3183 parva,
229 3127 307 3182 quarn
335 3108 405 3179 quod
428 3125 463 3160 er
484 3110 538 3160 solo
562 3111 688 3176 oxygonio
714 3110 777 3160 mali
793 3109 937 3176 profligatio

40 3200 139 3268 sperari
157 3197 249 3268 possit.
275 3195 310 3246 Ut
326 3203 423 3246 taceam
448 3193 479 3244 de
504 3194 600 3246 salubri
617 3194 747 3246 connubio
773 3195 892 3246 mercurii
911 3195 939 3246 in

39 3279 157 3337 masada
172 3283 233 3336 labe
250 3299 361 3334 venerea
376 3299 435 3332 cum
453 3281 557 3332 diversis
573 3282 691 3334 remediis
710 3299 732 3332 e.
751 3270 774 3348 ς’.
791 3299 849 3332 cum
867 3281 937 3348 liguo

38 3373 158 3440 gissiaci,
177 3370 351 3438 sassaparilla,
376 3368 486 3420 nucibus
502 3369 644 3436 juglandis,
668 3369 763 3422 cortice
783 3369 937 3422 merenies

33 3459 106 3530 aliis,
135 3461 191 3532 opii
216 3458 376 3512 mentionem
400 3455 540 3510 masadam
566 3473 620 3510 esse
645 3466 728 3526 puto,
754 3455 824 3526 qnod
841 3456 938 3508 scilicet
