2380 4154
244 238 294 316 38
583 264 797 314 annonarum

282 377 368 456 Quid
387 377 607 444 observandum
628 380 683 460 sit,
713 395 748 442 ut
770 381 844 442 haec
864 377 1064 442 instrumenta
1084 378 1149 462 pri·

179 533 184 544 .
240 499 308 540 mae
327 494 360 540 et
381 479 487 542 tertiae
506 480 671 543 conditioni
691 480 885 560 satisfaciant,
906 503 925 541 o
937 478 1074 564 Physicis
1086 479 1148 540 fuit

239 589 396 660 notatum,
418 601 473 642 neo
487 581 576 663 hujus
588 596 634 642 est
646 581 722 661 loci,
744 580 887 643 indicare.
908 582 949 641 Ut
961 577 1147 642 satisfaciant

238 677 408 758 secandae,
433 682 534 742 tabula
552 683 719 764 ponderum
742 681 970 762 specificorum,
993 679 1042 742 vel
1063 677 1144 740 deu-

236 781 356 842 ritutom
366 826 377 856 ,
397 779 506 862 quibos
528 779 634 863 singuli
655 781 751 842 scalae
780 781 896 862 gradus
919 779 1142 863 respondeant,

235 893 437 964 computetur.
533 923 537 932 -

193 1011 195 1018 ¹
276 980 354 1058 Quis
368 1021 371 1033 ι
385 980 475 1042 luerit
503 991 653 1061 graduum
675 980 706 1041 in
728 983 810 1042 collo
831 996 1003 1043 notatarum
1026 1001 1142 1042 nume·

234 1099 301 1154 ms,
323 1094 376 1140 aut
396 1101 474 1162 quae
496 1100 601 1142 eorum
623 1079 771 1154 altitudo,
800 1102 862 1141 non
882 1080 988 1143 refert:
1015 1094 1143 1163 oportet

233 1191 373 1254 tantum,
402 1192 436 1241 ιιι
456 1179 486 1240 in
508 1180 647 1244 omnibus
668 1180 896 1265 Hygrometris,
925 1201 1002 1262 quae
1026 1180 1140 1240 eadem

231 1280 312 1341 scala
331 1285 476 1343 instructa
495 1294 581 1358 aunt,
603 1286 639 1344 sit
652 1285 795 1364 cujusque
808 1283 925 1366 gradus
938 1281 1083 1342 volumen
1099 1280 1142 1340 ad

229 1379 371 1442 columen
391 1382 489 1458 bulbi,
510 1403 605 1463 usque
626 1382 664 1442 ad
677 1380 796 1442 initium
809 1382 922 1444 Scalae
944 1379 1054 1460 (vulgo
1067 1382 1143 1455 nul,

228 1484 320 1559 saro)
342 1501 374 1542 se
396 1482 599 1561 extendentis,
620 1481 651 1542 io
673 1482 789 1543 ratione
812 1480 967 1542 constanti.
988 1513 1029 1530 -
1051 1483 1139 1544 eum

232 1595 332 1642 autem
354 1581 392 1643 de
413 1582 565 1648 volumine
580 1585 727 1666 graduum
742 1588 771 1644 in
784 1583 864 1645 scala
885 1597 1061 1644 notatarum
1084 1583 1140 1664 ju-

227 1681 338 1744 dicium
353 1685 465 1745 seratur
478 1683 662 1768 exipsorum
677 1683 846 1760 altitudine,
861 1681 1022 1765 requiritur
1036 1686 1141 1744 omni·

226 1805 277 1863 nn,
298 1801 332 1847 nt
352 1784 548 1869 Hygrometri
567 1769 679 1847 collum
698 1784 736 1846 sit
756 1796 893 1846 accurate
912 1781 1137 1867 cylindricum,

223 1898 256 1944 ct
276 1895 311 1944 ut
324 1885 564 1966 llygrometrum
587 1886 683 1966 ipsum
697 1882 736 1943 ad
756 1881 1006 1965 perpendiculum
1025 1879 1134 1943 fluidis

154 1986 157 1993 '
223 1979 349 2044 innatet.
371 1982 404 2043 si
425 1984 481 2043 hae
496 1981 697 2057 conditiones,
718 2003 845 2064 quarum
866 1981 963 2066 prima
983 1981 1062 2042 adeo
1083 1993 1136 2042 est

222 2080 370 2157 difficilis,
393 2094 428 2144 ιιι
448 2082 500 2144 vix
520 2105 554 2144 ac
575 2105 613 2145 ne
633 2083 685 2146 vix
715 2083 855 2166 quidem,
885 2081 989 2144 stricto
1016 2101 1133 2159 sensu,

221 2180 254 2241 in
273 2185 375 2243 vitreis
394 2181 594 2245 instrumentis
616 2184 713 2246 locum
734 2183 858 2262 habeat,
879 2182 1038 2256 deficiant,
1060 2181 1134 2266 Hy-

221 2293 406 2362 grometrum
437 2295 481 2344 ast
510 2284 725 2367 imperfectum.
755 2317 795 2332 -
816 2286 893 2345 Ante
925 2287 1024 2344 omnia
1049 2304 1132 2366 ergo

219 2381 403 2456 amandum,
424 2394 458 2444 ut
471 2381 665 2466 Hygroroetri
685 2379 793 2444 collum
814 2404 853 2444 ex
867 2383 942 2443 tubo
956 2379 1055 2444 vitreo
1069 2381 1130 2462 sit,

219 2497 365 2560 quantum
385 2481 449 2544 lieri
469 2483 583 2566 possit,
605 2505 659 2565 per
683 2498 777 2546 totam
803 2483 1015 2566 longitudinem
1038 2482 1129 2565 eins-

217 2579 288 2640 dem
302 2581 447 2646 diametri.
468 2582 548 2644 Delu
561 2581 655 2646 bulbo
668 2594 784 2645 constet
801 2582 927 2667 duplici,
943 2581 1052 2664 majori
1073 2603 1130 2644 su·

214 2677 349 2760 periore,
359 2678 468 2742 minori
481 2678 629 2757 inferiore,
642 2680 692 2742 cui
705 2679 925 2764 hydrargyrum
939 2677 1129 2744 immittatur

212 2779 255 2839 ad
269 2778 448 2841 servandum
465 2781 496 2839 iu
510 2778 624 2862 liquore
645 2780 874 2864 aequilibrium,
893 2782 977 2864 juxta
989 2781 1063 2861 Fig.
1087 2803 1122 2862 r,

215 2894 233 2934 a
247 2890 279 2938 et
293 2877 311 2936 3
331 2875 364 2938 in
381 2877 457 2939 Tat.
470 2898 528 2939 sec.
543 2880 690 2941 Accusata
704 2878 798 2962 magis
812 2879 851 2939 ed
863 2875 1122 2962 perpendiculum

216 2974 340 3058 erigitur
350 2977 459 3040 collum
469 3023 481 3055 ,
502 2978 528 3040 si
547 2980 760 3063 hydrargyro,
778 3001 871 3062 quam
891 2978 918 3040 ai
931 2978 1020 3041 firmo
1042 3001 1127 3062 pon·

214 3075 358 3153 dusculo,
378 3099 417 3140 ex
436 3080 582 3162 plombeis
596 3099 624 3143 r.
640 3102 684 3164 gr.
699 3082 815 3162 granis,
835 3079 943 3140 bulbus
957 3093 1122 3144 ocantur.

255 3179 351 3240 Porro
373 3199 426 3239 sua
446 3184 553 3262 unique
573 3180 778 3262 Hygrumenn
798 3191 922 3260 parelio
942 3178 1038 3260 scala,
1063 3201 1127 3264 pa·

216 3288 300 3336 retur
319 3290 457 3338 accurate
471 3277 510 3338 ud
523 3290 709 3338 constantem
719 3297 872 3346 normam.
894 3276 953 3338 lroc
966 3273 1052 3336 enim
1063 3277 1127 3342 nisi

212 3375 286 3456 liat,
316 3380 458 3438 nouerit
485 3374 702 3493 comparationi
728 3397 798 3438 cum
818 3375 883 3438 eliis
902 3377 1123 3460 Hygromctris

216 3489 338 3559 aptum,
358 3487 390 3539 et
409 3478 478 3538 hine
496 3479 548 3541 six
568 3451 695 3559 alicujus'
711 3473 856 3540 utilitatis.
