2380 4154
252 231 301 306 56
327 257 330 262 ·
401 253 610 306 rxrcrerrro
635 257 840 310 rtuunrnuu
866 256 941 316 ren,
968 257 1006 306 tv

395 469 458 529 Flo
489 489 562 550 9-11
587 469 769 552 Apparatus
789 471 990 533 Nootlu‘annr.

285 671 451 753 Apparatus
472 667 590 730 Noothii
612 691 708 750 equae
729 693 797 752 gese
818 671 893 731 acidi
914 667 1070 730 cerbonici
1099 673 1151 730 im·

245 770 450 853 praegnnndoe
470 767 656 850 potissimum
678 767 857 850 inserviens,
882 771 974 830 tribus
995 771 1079 830 vasis
1105 767 1153 830 vi·

245 869 315 930 treis
336 872 412 930 inter
432 888 463 928 se
483 866 645 948 conjunctis
666 867 874 952 componitur,
894 889 922 929 a.
943 869 973 930 b.
994 867 1152 942 inferiori,

246 993 275 1031 a.
296 993 323 1032 c.
344 971 441 1030 medio
461 981 492 1029 et
513 970 542 1030 d.
556 991 582 1029 e.
599 972 753 1052 superiori.
778 991 802 1030 1.
825 971 1055 1037 connectuntur
1077 991 1153 1032 vaso

246 1084 369 1148 exacte,
391 1062 531 1149 juncturis
553 1067 685 1152 smyride
706 1070 780 1130 bene
802 1067 994 1152 exasperetis.
1014 1091 1045 1129 2.
1068 1069 1153 1150 Res,

246 1189 263 1230 e
284 1169 391 1250 quibus
414 1190 465 1249 gae
484 1167 641 1247 educitur,
669 1167 733 1231 vesi
753 1169 882 1230 inferiori
902 1168 1081 1251 injiciuntur
1108 1173 1156 1232 fo·

245 1271 358 1330 romine
373 1273 380 1327 i
396 1267 464 1327 dein
480 1268 665 1349 obturando,
687 1289 741 1330 nec
755 1268 930 1352 aperiendo,
949 1272 1001 1328 nini
1016 1272 1068 1330 eis·
1080 1293 1157 1354 sup·

245 1371 338 1448 petius
359 1368 473 1426 adferre
493 1366 634 1441 velimus,
655 1379 707 1429 aut
728 1390 823 1430 messe
843 1367 1004 1449 circumagi
1024 1368 1157 1431 debeat

154 1469 159 1479 '
247 1470 275 1528 3.
298 1467 430 1527 Medium
452 1486 504 1526 ver
524 1469 656 1526 continet
675 1454 820 1548 liquorem
843 1489 910 1548 gere
931 1469 1156 1546 saturandum,

245 1568 385 1647 superine
400 1586 527 1624 vacuum
548 1576 647 1626 restat.
670 1567 732 1627 Gur
746 1570 849 1627 transit
862 1565 1005 1626 valvulam
1020 1566 1041 1627 s.
1057 1587 1094 1647 g.
1113 1581 1161 1630 at·

246 1685 305 1747 que
325 1663 464 1748 propellit
487 1663 630 1746 liquorem
662 1686 679 1725 e
709 1663 809 1726 medio
836 1686 907 1727 ruse
935 1669 965 1724 iu
994 1667 1157 1745 superius.

244 1765 404 1826 lnterstltio
424 1787 519 1826 vacuo
539 1779 608 1826 orto
628 1762 706 1825 inter
725 1765 878 1846 speculum
898 1766 1018 1845 liquoris
1036 1776 1070 1825 et
1089 1768 1159 1829 ori·

169 1889 180 1916 ι
243 1864 343 1926 ficium
364 1867 437 1926 vasis
458 1867 615 1946 superioris
644 1865 739 1946 liquor
769 1863 891 1925 recedit.
920 1862 1064 1926 Evitutur
1093 1888 1159 1928 no·

244 1966 310 2027 uive
331 1963 406 2046 gosis
428 1967 612 2025 coacervatio
632 1968 751 2026 in'vnse
769 1963 911 2047 superiori
928 1964 1160 2029 obturemento

244 2065 309 2125 laxe
329 2067 453 2124 intruso.
482 2066 567 2145 Aqua
591 2063 648 2124 rite
671 2086 742 2146 gese
762 2047 875 2132 imbuto
896 2073 1059 2138 evueuatur
1084 2069 1161 2150 epi·

204 2189 225 2218 ·.
243 2168 351 2226 stumio
373 2164 402 2224 h.

202 2300 204 2308 ‚
237 2309 242 2314 -
283 2263 351 2344 Fig.
378 2285 413 2323 ro
439 2278 470 2324 et
495 2283 526 2324 11
551 2262 670 2325 exhibet
698 2267 855 2347 separatim
885 2261 1036 2327 valvulam
1065 2263 1162 2330 inter

195 2435 197 2440 Ι
244 2385 272 2424 e.
292 2364 323 2427 b.
344 2378 376 2424 et
396 2383 423 2424 a.
445 2384 471 2422 c.
492 2361 641 2445 ingeniose
658 2364 842 2426 adornatam.
857 2363 1032 2425 Occluduut
1053 2369 1162 2431 inter·

191 2477 194 2482 ’
243 2461 354 2524 ttitium
375 2465 527 2544 utriusque
548 2466 625 2524 vasis
649 2464 709 2524 duo
732 2463 855 2546 cylindri
883 2462 967 2524 vitrei
997 2463 1160 2544 perforati

241 2584 268 2624 n.
289 2562 320 2623 b.
341 2561 391 2643 fig.
417 2583 468 2639 rr,
488 2564 564 2623 inter
583 2582 659 2644 quos
680 2563 782 2624 haeret
803 2565 863 2623 lens
883 2561 1015 2634 vitreus,
1044 2564 1093 2624 itu
1117 2579 1160 2628 ut

242 2672 328 2744 perte
349 2663 436 2742 plane
456 2657 625 2720 inferiorem
637 2659 802 2742 cylindrum
825 2663 957 2741 attinget.
977 2661 1060 2720 Lens
1078 2683 1161 2725 mo.

243 2759 309 2821 bilis
330 2781 385 2828 nec
406 2771 507 2836 autem
528 2757 668 2821 rotationi
693 2759 863 2844 expositus,
892 2760 1051 2820 transitum
1083 2768 1161 2844 gaci
1183 2755 1184 2760 ¹

244 2859 383 2920 concedit
402 2869 433 2920 et
452 2879 600 2923 recessum
629 2859 751 2942 impedit
780 2871 945 2943 segmento.
961 2856 1160 2940 diemetreli.

242 2959 264 3022 l'.
285 2977 312 3041 g.
332 2957 382 3040 fig.
407 2979 442 3020 ιο
462 2960 591 3024 delineet
610 2961 699 3022 situm
718 2959 922 3044 cylindrorum
941 2980 1012 3022 cum
1038 2960 1163 3048 tonte,

241 3057 321 3120 inter
339 3079 391 3120 vas
410 3055 533 3122 inferint
553 3070 584 3120 et
604 3057 745 3124 medium.
