2380 4154
248 243 298 317 36
597 265 808 317 rnoonmnn

245 380 389 463 temporie
411 381 456 442 ad
470 401 555 443 neum
577 383 725 463 postulor,
751 393 843 464 quam
867 395 902 442 ut
920 381 995 442 haec
1014 378 1147 442 libenter

244 480 435 542 adhibeatur.
793 477 796 486 ’

284 565 426 643 Proxime
447 582 486 643 ad
505 581 637 666 priorem
658 585 773 645 accedit
791 579 982 672 *cxploratim
1001 601 1085 663 quae
1109 580 1147 642 fic

246 699 302 764 per
311 681 550 768 Hygrometrum
565 685 605 743 ita
619 681 732 743 dictum
746 682 1045 743 Fahrenhec'tiannm.
1062 681 1146 754 Hoc,

245 778 356 856 fluido,
376 781 415 844 ad
430 803 559 844 examen
573 782 723 861 vocando,
742 781 891 860 innatans,
906 781 1058 862 bulboque
1074 802 1148 842 con·

247 895 325 944 utana
347 897 437 965 atque
449 884 527 973 collo
541 881 716 966 cylindrico,
736 882 767 943 io
788 880 898 943 vertice
918 880 1050 965 potinam
1071 903 1146 964 por·

245 1001 312 1042 vam
334 980 426 1064 gerit,
449 982 498 1044 cui
518 984 702 1066 pondusculo
721 982 937 1064 imponuntur,
957 983 1053 1043 donec
1075 982 1146 1064 fly-

245 1099 427 1164 grometrnm
453 1089 482 1144 in
508 1083 690 1167 explorando
716 1083 810 1144 fluido
839 1083 876 1143 ad
904 1085 1017 1143 certam
1044 1103 1145 1163 usque

244 1195 367 1261 notam,
396 1185 475 1246 collo
494 1184 693 1268 insculptam,
719 1184 757 1246 sit
778 1184 956 1246 demersum.
978 1184 1033 1244 Eat
1053 1184 1147 1244 volu-

245 1303 315 1344 men
329 1285 414 1366 hujus
426 1283 633 1368 Hygromcui‚
647 1288 701 1346 sub
715 1284 810 1346 fluido
824 1285 1006 1359 demersum,
1022 1303 1149 1366 semper

245 1383 345 1458 idcm3
367 1384 483 1465 pondus
503 1406 594 1460 vero,
615 1386 697 1466 quod
718 1383 893 1465 requiritur,
915 1384 1147 1464 ut-Hygrome·

194 1477 207 1506 ⁰·
245 1493 326 1542 turm
348 1487 386 1543 ad
407 1483 533 1544 eandem
555 1500 656 1545 notam
677 1482 707 1544 in
729 1482 832 1564 quovis
852 1482 947 1542 fluido
971 1483 1147 1543 demersum

246 1595 395 1656 teneatur,
416 1579 541 1645 van'um.
562 1584 608 1644 Eo
622 1598 667 1643 est
681 1583 790 1663 majus,
812 1603 873 1663 quo
894 1580 987 1640 fluida
1001 1580 1148 1641 densiora

241 1677 372 1761 luerint,
402 1680 445 1742 ita
469 1681 610 1764 quidem,
640 1696 675 1742 ut
694 1679 857 1742 fluidorum
885 1679 1146 1762 explorandorum

590 1961 649 2014 111.
669 1957 796 2028 pondera.

245 2089 284 2144 Ex
301 2093 476 2146 recentissimo
493 2094 608 2164 pondere
625 2095 716 2162 gallico
732 2092 935 2164 correspondent

290 2178 466 2246 Kilogrammc
481 2184 490 2248 j
508 2199 567 2234 curn
584 2181 642 2232 libr.
660 2181 727 2234 med.
744 2186 769 2249 jj.

229 2332 233 2342 Ι
287 2264 357 2318 Semi
371 2264 540 2334 kilogrcmma
606 2287 667 2340 curn
695 2269 753 2320 libr.
778 2269 845 2320 med.
876 2271 893 2334 j.

290 2350 438 2420 Grammaj
624 2381 660 2423 -5-
693 2383 743 2425 Ι-
792 2384 825 2396 -
876 2373 914 2421 gr.
932 2353 1015 2422 Xijj.

288 2438 357 2492 Semi
374 2457 485 2508 mamma
623 2471 655 2484 -
704 2469 738 2486 ι·
787 2469 822 2486 ·-
872 2459 909 2510 gr.
927 2443 968 2508 jX.

289 2526 506 2596 Duogrammata
621 2557 657 2575 -
705 2557 740 2571 -
788 2561 821 2575 -
872 2531 986 2599 μγ.

287 2611 409 2683 Quatuo'r
424 2625 564 2683 grammata
619 2642 654 2660 ι-
702 2645 737 2659 -
786 2643 821 2660 -
870 2618 910 2670 dr.
925 2620 943 2684 j.

289 2699 376 2767 xxxij
394 2710 535 2767 grammata
625 2727 657 2742 ·-
705 2729 741 2747 -
790 2730 824 2744 -
873 2717 932 2756 unc.
949 2705 968 2768 j.

288 2783 467 2853 Decigrammc
624 2813 660 2832 -ι-
709 2813 742 2834 ···
791 2815 827 2833 -
876 2807 912 2858 gr.
930 2791 956 2856 ji.

258 2871 545 2942 'Semidecigrammn
621 2907 655 2924 ι-
703 2905 737 2920 -
785 2905 820 2919 ·-
869 2879 942 2945 gni.

271 2959 421 3014 Notandum
437 2973 585 3033 praeterea,
611 2965 703 3018 libram
727 2953 904 3018 medicinalem
928 2963 1054 3031 anglicam
1080 2979 1145 3030 ger·

246 3049 371 3100 manicam
395 3069 516 3122 euperare
540 3054 654 3123 pondere
671 3054 709 3106 dr.
727 3056 770 3124 jjj,
793 3071 841 3107 ser.
859 3056 875 3122 ji
893 3061 920 3106 ct
937 3071 976 3120 gr.
996 3053 1069 3121 ¹³½
1087 3052 1145 3118 gal-

244 3131 321 3186 licam
347 3153 380 3188 ex
397 3156 456 3191 unc.-
474 3140 529 3208 xvj
554 3141 722 3212 compositam
739 3141 777 3196 dr.
794 3145 812 3210 jj
835 3149 862 3194 et
885 3157 934 3193 scr.
951 3143 977 3208 j,
1007 3139 1142 3191 suecicarn

245 3229 333 3276 autem
355 3226 470 3294 pondere
491 3230 614 3284 leviorem
639 3247 692 3284 ene
716 3247 763 3284 cer.
781 3235 790 3300 j
811 3240 837 3284 et
855 3251 891 3300 gr.
912 3230 1000 3300 ibss'.
1020 3229 1145 3296 Quamo-

244 3305 318 3362 brem
334 3315 508 3382 receptionem
524 3316 606 3370 librae
622 3335 704 3370 novae
721 3319 826 3386 gallicae
842 3320 1015 3388 inposterum
1031 3317 1062 3366 in
1079 3333 1142 3366 orn-

247 3398 321 3450 ainm
337 3407 464 3454 terrarum
486 3403 595 3458 omont·
609 3405 746 3473 perutilem
771 3419 824 3458 ene
847 3413 955 3476 apparet
968 3442 989 3473 „
1001 3413 1033 3456 nt
1049 3404 1140 3456 omnia

245 3501 318 3538 error
334 3487 362 3540 in
378 3487 434 3548 doti
450 3489 622 3544 remediorum
638 3491 785 3550 edmundo
801 3494 923 3549 evitetur.
