2344 4146
9 3391 54 3488 ‘i

45 3493 53 3502 ²
78 3483 105 3518 Ο

246 263 297 362 74
342 294 345 300 ·
419 263 421 273 '
609 233 768 333 consone

244 395 388 449 infortunio
405 393 577 466 prosperrima
601 397 716 466 pericula
735 403 887 461 evertente,
914 396 1052 466 ignotaque
1075 409 1127 446 vert

245 483 353 536 remedii
365 483 469 548 indole,
487 501 541 535 non
552 499 643 552 parurn
657 481 846 550 titubabantin
860 481 1054 540 determinandis
1065 488 1127 532 rests

244 569 368 622 methodo
386 571 527 622 arsenicum
543 568 693 638 porrigendi
711 585 792 638 usquc
816 569 879 620 dum
898 569 993 622 Jacobs·
1000 571 1015 632 ‚'
1033 561 1127 620 route

244 665 274 710 et
290 659 314 709 le
332 659 430 710 Fehuse
450 658 520 708 illam
545 658 674 725 persecuti
691 665 765 722 sunt,
791 673 868 726 quarn
894 657 1067 722 recentiores,
1092 655 1128 706 vix

244 763 300 798 ison
318 763 425 811 omnes,
443 746 643 815 amplectuntur.
661 744 763 796 Solutio
782 745 897 796 arrenici
914 744 1016 801 Jacobs'.
1041 743 1071 794 ii.
1088 743 1129 792 ir·

244 835 324 888 senici
341 842 408 904 part.
425 836 433 900 j
451 832 503 884 lculi
516 841 583 902 part.
597 833 637 898 ij
651 849 709 900 aqu.
727 826 791 888 dest.
804 839 871 900 part.
889 832 943 884 168.
958 831 1061 900 Coquss
1073 829 1129 880 mix·

238 923 344 974 'tionem
363 937 444 989 nsque
462 919 494 970 ad
510 918 608 970 dimidii
626 934 707 986 aquae
721 919 939 984 consumtionem3
958 916 1083 970 solutioni
1094 933 1129 968 re·

223 1009 391 1076 ‘frigescenti
408 1025 466 1076 pars
484 1023 565 1076 aquae
590 1015 743 1076 evaporatae
768 1006 863 1056 iterum
888 1003 1008 1070 additur,
1036 1012 1081 1068 et,
1106 1009 1130 1054 nt

242 1097 335 1150 melius
352 1089 535 1163 conservetur‚'
558 1095 701 1162 pauxillum
718 1093 823 1161 spiritus
848 1093 910 1146 vini.
942 1092 1025 1144 Doris
1045 1089 1128 1144 adultis

242 1192 308 1254 gutt.
317 1184 398 1248 XXX,
415 1181 556 1234 infantibus
573 1181 688 1247 guttulae
706 1181 808 1246 Vj=ij
827 1197 887 1232 cum
904 1178 1040 1230 cochleare
1058 1194 1129 1249 aquae

185 1259 189 1266 ⁴
244 1269 334 1322 diebus
352 1268 434 1333 febris
446 1267 641 1318 intermittentis
658 1265 852 1316 intercalaribus
876 1265 940 1316 hora
957 1264 1129 1333 septimana·

243 1361 347 1423 tutius,
365 1357 457 1421 tertia,
471 1363 594 1423 sextoque
607 1352 797 1422 pomeridiana,
811 1361 889 1422 utque
902 1369 970 1404 nona
984 1352 1130 1421 vespertina.
1162 1381 1163 1388 κ

243 1445 304 1514 Quo
329 1443 410 1507 facto,
437 1449 564 1498 asserente
588 1449 693 1506 autore,
707 1441 891 1509 ‹conspicuum
913 1439 1022 1506 evadet,
1049 1437 1130 1490 febrim

206 1530 210 1536 ’
243 1541 302 1602 post
320 1533 398 1583 trium
415 1529 524 1582 subinde
547 1530 625 1580 etiarn
649 1530 725 1580 unlus
746 1536 774 1580 et
791 1527 889 1578 dimidii
908 1528 1045 1578 unciarum
1063 1527 1131 1594 hujus

242 1619 377 1676 solutionis
390 1635 465 1670 usum
479 1619 506 1668 in
519 1617 604 1684 fugam
618 1616 748 1682 converti,
763 1633 792 1667 ac
805 1615 825 1666 si
839 1615 950 1666 fortassis
963 1615 1130 1666 accessionum

170 1711 174 1721 “
243 1705 524 1773 febrifluis-,quidpiam
539 1695 627 1754 rursus
640 1703 786 1768 emerserit,
806 1701 882 1768 hujus
895 1700 1079 1775 medicamenti
1091 1717 1132 1750 un·

245 1793 287 1846 eis
304 1811 357 1844 uua
374 1793 458 1844 adhuc
475 1792 625 1861 propinata,
649 1790 746 1842 iteratis
763 1797 843 1858 prout
867 1807 907 1839 res
924 1789 1042 1858 postulat
1060 1787 1132 1842 vomi-

244 1879 316 1942 toriis
333 1886 361 1929 et
379 1878 547 1946 purgantibus
573 1876 692 1930 morbum
719 1884 790 1928 certo
816 1875 972 1945 profligabit.
999 1875 1032 1926 ln
1060 1873 1132 1926 acutis

244 1965 360 2019 febribus
377 1983 439 2018 vero
457 1965 612 2016 secessiones
629 1963 783 2016 habentibus
809 1971 855 2014 aut
880 1961 1045 2031 apoplexiam
1063 1961 1132 2014 mini·

244 2051 360 2105 tentibus
377 2053 467 2104 creber
485 2053 650 2122 assiduusque
671 2051 777 2103 remedii
795 2069 871 2116 usus,
898 2059 929 2104 ut
954 2058 1034 2102 sutor
1060 2049 1134 2102 couti·

244 2147 323 2205 suat,
349 2139 401 2191 fere
427 2140 582 2190 necessarius
604 2147 649 2190 est.
673 2139 752 2190 Notat
779 2155 857 2208 porro
874 2139 995 2189 inventor
1012 2155 1065 2190 nec
1082 2145 1134 2190 ante

244 2244 292 2280 sico
310 2209 353 2283 diu
372 2236 430 2296 post
447 2227 553 2278 remedii
572 2245 644 2278 usum
663 2227 729 2278 allos
747 2243 865 2294 angores,
884 2226 1011 2290 vomitus,
1033 2223 1134 2278 cardini·

243 2313 310 2380 giam
328 2309 428 2382 aliaque
446 2321 616 2382 symptomata
633 2314 660 2364 in
673 2322 838 2383 conspectum
855 2312 990 2383 prodiisse.
1008 2320 1022 2376 (
1037 2314 1070 2364 V.
1082 2315 1132 2362 dct.

246 2399 316 2452 acad.
334 2388 449 2467 mogunt.
469 2401 501 2452 V.
521 2401 549 2464 1,
567 2417 593 2468 p.
612 2407 686 2464 aas).
707 2417 730 2451 a.
750 2400 853 2452 Solutio
874 2399 997 2450 Arsenicr'
1015 2397 1135 2451 Fowleri.
1162 2457 1163 2464 ἵ

247 2486 278 2538 lt.
291 2488 426 2552 'Arseuici‚
452 2486 505 2538 lsali
531 2487 661 2538 cai-bonic.
687 2504 734 2538 sna
752 2504 829 2553 grano
854 2487 939 2538 thv
965 2504 1051 2556 aquae
1078 2485 1134 2538 dest.

244 2571 304 2636 libr.
323 2576 414 2640 semis,
432 2575 510 2642 diger.
537 2575 565 2625 in
589 2575 682 2626 balneo
700 2591 792 2626 arenae
816 2575 976 2644 usquedum
995 2576 1134 2628 arsenicum

168 2691 171 2698 ,
243 2659 357 2728 perfecte
375 2659 425 2711 fuit
442 2661 564 2712 solutum.
582 2659 710 2710 Solutioni
728 2658 892 2727 refrigeratae
909 2659 976 2712 adm.
994 2661 1081 2730 spirit.
1094 2659 1136 2710 Le·

245 2745 323 2799 vend.
341 2746 473 2814 composit.
489 2745 537 2797 Ph.
555 2745 585 2796 L.
602 2763 661 2798 uno.
675 2745 704 2820 ss
716 2754 743 2797 et
755 2763 837 2815 aquse
849 2746 913 2798 dest.
927 2765 953 2816 q.
966 2763 986 2796 s.
1000 2755 1034 2798 ut
1047 2745 1135 2800 solutio

235 2821 276 2884 'ex
292 2832 359 2884 libra
376 2835 383 2898 j
402 2841 511 2884 constet.
526 2833 652 2884 Guttulae
665 2835 795 2901 octoginta
807 2834 944 2885 continent
957 2835 1072 2886 arrenici
1084 2849 1134 2902 gra·

245 2901 470 2981 numdirnidiush.
498 2918 570 2970 Doris
595 2919 736 2970 infantibus
756 2919 893 2971 biennibus
908 2905 950 2970 bis
966 2921 996 2970 in
1013 2921 1059 2972 die
1076 2927 1135 2988 gott.

221 2983 328 3072 ‘duab
346 3005 440 3058 adultis
458 3007 533 3058 toties
551 3013 616 3073 gutt.
635 3006 723 3058 decens
740 3013 768 3056 et
785 3005 921 3058 duodecim
939 3007 1002 3075 (ss,
1019 3023 1060 3074 gr.
1074 3019 1135 3058 arte

243 3093 321 3155 nini).
341 3091 365 3145 3.
382 3093 486 3144 Solutio
504 3093 634 3160 Lefebure.
654 3093 682 3142 li.
699 3093 811 3144 Arsenici
829 3109 866 3160 gr.
880 3093 918 3144 lv
931 3095 995 3146 sols.
1009 3093 1039 3144 iu
1057 3107 1134 3162 aquae

243 3179 387 3230 eommunis
404 3177 468 3238 dest.
487 3195 546 3230 unc.
566 3178 661 3245 XXin.
673 3179 739 3230 Dos.
764 3178 882 3246 quotidie
907 3177 991 3231 cochl.
1015 3193 1135 3246 magnum

243 3283 304 3318 mm
320 3265 454 3318 cochleare
472 3267 544 3316 lectis
561 3273 588 3318 et
605 3265 644 3318 dr.
662 3266 689 3340 β
706 3265 794 3334 syrupi
815 3267 892 3335 cupit.
910 3282 1031 3336 papaver.
1065 3266 1134 3318 inter

246 3349 368 3404 formulas
386 3351 466 3403 dictss
484 3351 665 3404 Fowlerianne
681 3352 766 3420 palma
781 3351 921 3403 addicenda
938 3359 991 3414 est,
1013 3349 1135 3404 excitavit

246 3445 333 3492 sutem
352 3439 446 3492 solutio
463 3438 543 3506 haec,
566 3456 626 3490 cuns
648 3447 723 3492 sutor
740 3437 814 3492 dosia
830 3437 863 3491 ad
879 3447 964 3508 guttas
983 3437 1032 3492 XX
1050 3438 1139 3500 suxit,
