2360 4150
244 272 315 346 230
590 287 749 337 consona

265 409 324 461 Not
344 402 401 455 215.
421 403 503 454 Germ.
521 400 726 466 Sauerklcesaiz,
745 403 808 472 belg.
825 383 1043 466 111111114111111111Υ
1057 409 1134 471 zont,

239 494 309 562 angl.
332 493 381 542 sat
405 489 435 541 of
455 490 554 554 Sorrel,
579 489 641 558 gali·
664 488 706 540 Sel
729 488 858 540 d'oseille.
884 487 990 540 Praeter
1017 490 1135 558 plantas,

237 599 301 651 quas
319 589 404 631 textus
423 578 554 641 nominat,
573 594 664 628 rumex
682 585 797 642 acetosa,
816 578 946 644 geranium
961 587 1094 628 acetosum
1108 585 1134 629 et

238 666 319 718 oxalis
341 683 436 716 cernua
459 664 545 715 oxalas
569 663 699 714 aciduium
723 672 838 731 potassae
862 666 1006 714 continent.
1032 665 1137 727 qutex

234 763 274 807 sat
287 770 403 821 magnam
416 751 586 821 quantitatem
604 750 670 800 acidi
684 751 834 802 acetosellae
848 767 880 802 ex
892 751 951 820 pilis
965 749 1056 800 ciceris
1071 751 1136 802 arie·

236 841 285 893 tini
307 842 427 892 extraxit.
451 838 566 908 Separari
589 831 682 908 potest'
702 855 734 888 ex
760 837 861 890 oxalate
891 837 993 888 acidulo
1020 843 1139 904 potassae

234 925 335 978 acidum
355 923 505 975 acetoseilae
523 921 595 974 acido
613 921 824 990 praedominante
841 939 901 971 eum
919 923 1050 972 ammonia
1066 929 1138 972 satu·

236 1021 308 1074 rato,
329 1019 354 1062 et
368 1011 462 1061 nitrate
479 1010 587 1076 barytae
605 1007 725 1060 admixto.
748 1009 784 1059 Ex
801 1009 903 1060 oxalate
920 1008 1046 1074 barytae‚
1067 1009 1136 1077 qnod

237 1099 345 1151 fundum
364 1099 445 1167 petit,
464 1095 565 1148 aeidum
584 1098 733 1148 acetoseilae
757 1096 830 1147 acido
851 1097 1002 1165 sulphurico
1026 1099 1138 1148 seoemi·

238 1197 289 1240 tur.
309 1187 417 1238 Acidum
436 1187 585 1238 acetoseiiae
603 1185 638 1236 sic
655 1185 793 1246 evolutum
818 1194 890 1235 tanta
913 1185 1036 1236 auiditate
1065 1203 1135 1256 pne·

238 1275 322 1328 ditum
339 1283 391 1338 est,
410 1282 439 1324 ut
456 1274 506 1324 tria
531 1271 727 1338 decigmmmata
752 1290 811 1322 cum
830 1289 912 1342 aquae
938 1271 1137 1338 kiiogramnaate

236 1380 290 1414 uno
307 1379 361 1412 non
385 1362 469 1410 ievem
491 1361 682 1411 communicent
706 1360 861 1412 aciditatem.
891 1361 938 1412 Vis
964 1360 1137 1428 refrigerans,

236 1449 387 1517 analeptien.
409 1450 482 1499 Usus.
502 1447 595 1499 Oxaias
614 1447 743 1498 aciduium
769 1457 885 1517 potassae
903 1447 981 1498 datur
1006 1448 1033 1498 in
1062 1448 1140 1500 sebri-

236 1538 285 1591 bus
303 1538 483 1606 uulneratum,
502 1545 547 1590 aut
560 1553 641 1605 aquae
659 1554 706 1604 pro
723 1545 787 1605 potu
801 1536 952 1588 admixtum.
974 1536 1068 1587 Pulvis
1081 1550 1140 1587 tun-

236 1644 330 1695 peram
351 1623 514 1677 Rosenstetisii
540 1623 568 1672 11.
594 1623 682 1674 nitrat.
709 1632 802 1692 potsse.
830 1642 888 1673 stne.
908 1624 937 1694 ῇβ
962 1625 1061 1675 oxaiat.
1093 1627 1141 1674 aei·

236 1713 290 1763 dut.
304 1721 397 1781 potass.
412 1729 470 1761 une.
485 1710 512 1784 β
525 1711 629 1760 morsut.
643 1710 700 1760 cita.
716 1728 774 1762 unc.
784 1709 854 1780 ijss.
869 1728 903 1760 m.
919 1711 1007 1761 Pulvis
1024 1713 1138 1763 nivosus

236 1799 367 1867 pherme.
384 1816 449 1848 suec.
470 1797 498 1846 11.
517 1798 605 1848 niteat.
624 1806 716 1866 potass.
737 1815 794 1847 unc.
813 1799 838 1864 jjj
858 1797 951 1848 oxaiat.
971 1797 1071 1850 acidul.
1096 1815 1141 1868 po-

237 1898 296 1942 tass.
315 1904 373 1938 unc.
392 1887 399 1952 j
418 1886 529 1936 sacchar.
549 1885 599 1935 alb.
619 1903 677 1936 unc.
698 1883 730 1936 X.
747 1883 807 1936 vid.
827 1894 873 1936 not
891 1883 925 1951 46
942 1893 969 1935 et
989 1885 1032 1954 47.

241 2072 485 2153 †PAPAVER
506 2072 679 2144 ALBUM‚
701 2093 847 2146 caetra,
868 2093 984 2134 senen.

279 2191 431 2251 PAPAV
428 2192 484 2252 ER
507 2190 819 2251 SOMNIFERUM.

280 2359 389 2419 Planta
409 2369 529 2432 annisa,
550 2363 666 2442 copiose
686 2382 706 2420 α
727 2343 903 2424 noslatitns
922 2363 1011 2422 culta.

279 2459 444 2540 capsulae,
466 2461 512 2518 vel
531 2461 651 2540 capita,
682 2463 864 2533 narcoticae,
894 2463 1070 2534 sauciatae,
1091 2464 1139 2522 tac

239 2582 374 2620 amorum
394 2563 533 2637 otiosum¹
552 2559 712 2634 tendentem
734 2573 862 2620 recentes
883 2561 1020 2642 efficacia
1050 2587 1139 2645 proe-

237 2674 318 2720 atnnt
327 2661 490 2719 exsiccatis.
504 2660 624 2718 Semina
638 2661 756 2720 mimine
761 2705 772 2734 ,
783 2661 921 2739 globosa,
942 2664 1037 2734 alba,
1059 2666 1138 2724 oleo-
1169 2689 1170 2705 ¹

242 2758 398 2816 so-duleia.

265 2898 324 2948 Noa
344 2896 400 2948 216.
427 2898 509 2949 Germ
528 2897 641 2949 Weisser
665 2899 760 2964 Mona,
780 2899 844 2970 belg.
862 2901 907 2952 wit
931 2903 1136 2956 numeneus.

237 2987 308 3055 angl.
326 2985 403 3036 white
420 3003 521 3055 poppy‚
536 2988 600 3056 gall.
620 2987 701 3038 Pavot
718 2988 803 3038 blanc.
822 2988 924 3038 Semina
940 2988 1020 3056 hujus
1034 2991 1138 3060 plantae
1165 3027 1166 3066 1

238 3075 311 3126 nulla
328 3075 424 3128 virtute
441 3075 576 3126 somnifera
593 3075 708 3145 praedita
725 3085 794 3128 sunt.
813 3076 887 3128 Unde
900 3077 1033 3144 efficitur,
1051 3081 1136 3132 1111111-
1164 3091 1166 3158 t

239 3163 353 3226 sionem,
373 3180 439 3233 quae
457 3181 488 3214 ex
511 3164 561 3214 iliis
584 3165 628 3230 fu,
651 3163 682 3213 ad
705 3162 833 3214 sedamina
857 3182 909 3215 non
933 3167 1083 3234 pertinere,
1110 3176 1164 3248 ut'i

239 3251 371 3318 quondam
388 3251 478 3301 medici
497 3251 630 3320 putabant.
651 3251 687 3302 Ex
705 3251 763 3304 libr.
781 3255 870 3330 jusem.
888 3271 946 3322 pap.
975 3253 1028 3307 alb.
1052 3257 1137 3306 eiicie·
1161 3277 1163 3339 4

238 3333 334 3386 bantur
351 3339 513 3404 expressione
531 3339 579 3388 olei
599 3339 733 3404 unguinosi
752 3339 884 3405 gratissimi
904 3358 963 3390 unc.
982 3341 1019 3406 jv
1046 3342 1138 3406 (butte
1161 3359 1162 3431 t

242 3420 389 3486 d’oeiltet).
411 3425 512 3494 Gaujae
529 3423 618 3475 eduxit
636 3443 668 3476 ex
685 3425 872 3493 kiiogmmmat.
891 3427 942 3492 400
961 3429 1013 3480 olei
1046 3448 1092 3482 too
1113 3439 1139 3482 et
1158 3435 1161 3521 1

197 3573 204 3588 .
239 3505 350 3573 placent.
364 3508 485 3560 residuae
503 3510 560 3560 280.
586 3509 765 3564 Condensatur
789 3510 840 3563 hoc
866 3512 954 3564 oleoso
978 3517 1137 3584 aegerrime,
1157 3537 1160 3628 J

1156 3629 1159 3701 1

1156 3713 1158 3793 1
